Timestamp,Symbol,Side,Quantity,Price
2024-07-01 09:31:23,NFLX,SELL,829,450.65
2024-07-01 09:31:43,MSFT,SELL,130,328.76
2024-07-01 09:33:03,NVDA,BUY,916,408.7
2024-07-01 09:33:40,MSFT,SELL,418,349.12
2024-07-01 09:34:15,NFLX,SELL,639,455.5
2024-07-01 09:34:20,META,BUY,217,301.92
2024-07-01 09:35:20,TSLA,BUY,461,256.43
2024-07-01 09:36:03,NFLX,SELL,131,447.78
2024-07-01 09:36:38,AAPL,BUY,554,185.36
2024-07-01 09:37:22,META,BUY,265,306.97
2024-07-01 09:38:24,GOOG,BUY,942,130.24
2024-07-01 09:39:09,GOOG,BUY,705,131.21
2024-07-01 09:40:38,AAPL,BUY,600,184.31
2024-07-01 09:41:20,NVDA,SELL,211,418.81
2024-07-01 09:41:49,MSFT,BUY,43,340.19
2024-07-01 09:43:11,NFLX,BUY,720,441.87
2024-07-01 09:43:14,AMZN,SELL,456,137.11
2024-07-01 09:44:06,NVDA,SELL,943,403.92
2024-07-01 09:44:45,AMZN,SELL,910,134.75
2024-07-01 09:44:55,GOOG,BUY,813,126.12
2024-07-01 09:45:11,GOOG,BUY,470,126.59
2024-07-01 09:45:52,NFLX,BUY,706,463.25
2024-07-01 09:45:59,GOOG,SELL,197,130.3
2024-07-01 09:46:08,NFLX,BUY,339,448.61
2024-07-01 09:46:41,TSLA,BUY,533,253.98
2024-07-01 09:46:44,MSFT,BUY,593,348.53
2024-07-01 09:47:32,MSFT,SELL,707,332.43
2024-07-01 09:47:44,META,SELL,654,301.11
2024-07-01 09:49:02,NVDA,BUY,866,417.99
2024-07-01 09:49:32,AAPL,SELL,164,190.36
2024-07-01 09:49:58,AAPL,SELL,175,197.7
2024-07-01 09:51:32,AMZN,SELL,560,132.26
2024-07-01 09:51:56,AAPL,BUY,855,194.39
2024-07-01 09:53:14,MSFT,BUY,333,344.32
2024-07-01 09:53:29,META,SELL,864,308.14
2024-07-01 09:55:07,AMZN,SELL,512,133.63
2024-07-01 09:56:32,NVDA,SELL,587,431.93
2024-07-01 09:57:16,NFLX,BUY,374,446.94
2024-07-01 09:57:24,NFLX,BUY,381,445.49
2024-07-01 09:59:25,NVDA,SELL,526,413.71
2024-07-01 09:59:35,AMZN,SELL,473,135.83
2024-07-01 10:00:03,META,SELL,132,303.8
2024-07-01 10:00:48,MSFT,BUY,273,332.05
2024-07-01 10:00:54,NVDA,BUY,806,409.33
2024-07-01 10:01:17,MSFT,SELL,265,336.01
2024-07-01 10:01:45,AMZN,SELL,650,132.4
2024-07-01 10:04:05,NFLX,SELL,539,438.16
2024-07-01 10:05:12,AAPL,SELL,238,190.2
2024-07-01 10:06:00,NVDA,SELL,835,403.53
2024-07-01 10:06:18,META,BUY,237,305.02
2024-07-01 10:06:23,NVDA,SELL,651,420.78
2024-07-01 10:09:25,NFLX,SELL,491,445.03
2024-07-01 10:09:52,AMZN,SELL,167,136.77
2024-07-01 10:12:05,MSFT,SELL,290,338.87
2024-07-01 10:13:33,NVDA,BUY,466,425.47
2024-07-01 10:13:40,TSLA,BUY,964,253.1
2024-07-01 10:14:14,GOOG,BUY,441,132.91
2024-07-01 10:14:14,AAPL,SELL,162,185.06
2024-07-01 10:14:17,MSFT,SELL,958,342.48
2024-07-01 10:15:38,MSFT,BUY,914,347.47
2024-07-01 10:16:08,GOOG,BUY,718,137.27
2024-07-01 10:16:22,AMZN,BUY,271,135.01
2024-07-01 10:17:47,TSLA,BUY,521,255.64
2024-07-01 10:19:32,MSFT,SELL,876,339.05
2024-07-01 10:19:35,GOOG,BUY,909,132.19
2024-07-01 10:19:35,NVDA,BUY,308,418.44
2024-07-01 10:19:53,META,SELL,438,309.32
2024-07-01 10:20:33,AMZN,SELL,326,135.82
2024-07-01 10:21:22,TSLA,BUY,112,255.13
2024-07-01 10:22:36,TSLA,SELL,498,246.35
2024-07-01 10:23:33,GOOG,SELL,196,132.57
2024-07-01 10:23:36,NFLX,BUY,431,452.32
2024-07-01 10:23:58,GOOG,SELL,862,127.97
2024-07-01 10:24:37,NFLX,BUY,772,443.96
2024-07-01 10:25:25,META,SELL,408,302.56
2024-07-01 10:25:25,AMZN,SELL,573,140.14
2024-07-01 10:25:47,NVDA,BUY,911,409.65
2024-07-01 10:26:11,AAPL,SELL,632,190.43
2024-07-01 10:26:55,TSLA,BUY,599,254.18
2024-07-01 10:27:42,AAPL,BUY,709,198.02
2024-07-01 10:29:36,META,SELL,93,297.43
2024-07-01 10:29:47,NVDA,SELL,117,407.52
2024-07-01 10:30:05,GOOG,BUY,514,135.09
2024-07-01 10:30:08,GOOG,SELL,854,129.1
2024-07-01 10:30:18,TSLA,SELL,815,252.95
2024-07-01 10:31:36,META,SELL,103,292.43
2024-07-01 10:32:10,TSLA,SELL,719,246.99
2024-07-01 10:32:20,META,SELL,229,302.64
2024-07-01 10:32:59,AMZN,BUY,495,138.52
2024-07-01 10:34:37,META,BUY,151,308.5
2024-07-01 10:35:23,META,SELL,19,296.17
2024-07-01 10:36:31,GOOG,SELL,289,132.17
2024-07-01 10:37:27,MSFT,BUY,862,334.34
2024-07-01 10:38:51,GOOG,BUY,653,131.56
2024-07-01 10:39:32,MSFT,BUY,606,338.2
2024-07-01 10:41:51,TSLA,SELL,781,249.29
2024-07-01 10:42:21,TSLA,SELL,522,249.57
2024-07-01 10:42:57,MSFT,BUY,548,334.84
2024-07-01 10:43:30,NFLX,SELL,311,446.46
2024-07-01 10:43:54,TSLA,SELL,239,246.86
2024-07-01 10:45:11,GOOG,SELL,198,129.2
2024-07-01 10:45:54,NFLX,BUY,817,447.28
2024-07-01 10:46:34,AAPL,BUY,515,190.47
2024-07-01 10:47:36,GOOG,BUY,972,127.37
2024-07-01 10:48:54,NFLX,SELL,500,439.23
2024-07-01 10:49:09,AAPL,BUY,253,183.22
2024-07-01 10:49:45,META,BUY,384,304.07
2024-07-01 10:49:55,GOOG,BUY,546,127.59
2024-07-01 10:49:58,AAPL,SELL,359,192.03
2024-07-01 10:50:11,TSLA,BUY,976,241.09
2024-07-01 10:51:29,MSFT,SELL,593,341.28
2024-07-01 10:52:27,AAPL,BUY,55,187.28
2024-07-01 10:53:03,MSFT,BUY,935,346.64
2024-07-01 10:54:13,MSFT,SELL,491,341.9
2024-07-01 10:54:23,MSFT,BUY,387,508.47278231315534
2024-07-01 10:55:26,GOOG,BUY,133,133.73
2024-07-01 10:56:08,NFLX,SELL,380,440.86
2024-07-01 10:56:39,NFLX,SELL,856,443.17
2024-07-01 10:57:56,GOOG,BUY,388,129.83
2024-07-01 11:04:41,MSFT,SELL,384,343.23
2024-07-01 11:05:23,TSLA,BUY,501,252.33
2024-07-01 11:05:31,GOOG,SELL,813,129.41
2024-07-01 11:05:40,GOOG,BUY,649,128.21
2024-07-01 11:07:39,NFLX,SELL,722,446.41
2024-07-01 11:07:53,META,BUY,705,299.95
2024-07-01 11:08:15,AMZN,BUY,818,132.06
2024-07-01 11:09:04,AAPL,BUY,379,180.3
2024-07-01 11:09:39,META,SELL,835,305.01
2024-07-01 11:11:22,NFLX,SELL,115,451.97
2024-07-01 11:11:26,NFLX,BUY,578,450.37
2024-07-01 11:11:48,AMZN,SELL,574,132.23
2024-07-01 11:15:35,TSLA,BUY,106,249.36
2024-07-01 11:16:11,NFLX,BUY,48,449.94
2024-07-01 11:16:39,AMZN,BUY,724,136.53
2024-07-01 11:17:26,AAPL,BUY,313,196.11
2024-07-01 11:19:47,MSFT,BUY,551,337.97
2024-07-01 11:20:11,MSFT,SELL,434,337.99
2024-07-01 11:20:30,AMZN,SELL,137,137.29
2024-07-01 11:21:42,META,SELL,382,309.64
2024-07-01 11:23:14,GOOG,BUY,978,129.09
2024-07-01 11:23:26,NVDA,SELL,443,413.06
2024-07-01 11:24:31,AMZN,BUY,778,134.54
2024-07-01 11:25:25,TSLA,BUY,315,256.79
2024-07-01 11:25:44,MSFT,BUY,176,330.75
2024-07-01 11:27:42,GOOG,SELL,92,127.21
2024-07-01 11:29:06,META,BUY,197,300.35
2024-07-01 11:30:20,META,BUY,357,304.98
2024-07-01 11:31:11,MSFT,SELL,925,339.74
2024-07-01 11:31:20,NFLX,SELL,347,453.42
2024-07-01 11:33:24,MSFT,BUY,26,336.87
2024-07-01 11:34:07,NFLX,SELL,626,438.27
2024-07-01 11:34:12,META,SELL,295,294.77
2024-07-01 11:34:46,MSFT,BUY,834,332.26
2024-07-01 11:35:08,NFLX,BUY,405,448.97
2024-07-01 11:35:56,AAPL,SELL,138,183.95
2024-07-01 11:36:05,NFLX,BUY,84,447.36
2024-07-01 11:36:18,GOOG,BUY,474,130.51
2024-07-01 11:37:49,GOOG,SELL,675,130.13
2024-07-01 11:38:12,NVDA,BUY,919,430.71
2024-07-01 11:38:27,NVDA,BUY,736,413.46
2024-07-01 11:38:48,NVDA,BUY,739,410.15
2024-07-01 11:39:38,MSFT,BUY,622,322.34
2024-07-01 11:40:08,AMZN,BUY,353,134.12
2024-07-01 11:40:17,AMZN,SELL,535,137.35
2024-07-01 11:42:22,META,BUY,227,297.36
2024-07-01 11:42:25,AMZN,BUY,11,185.12935803079606
2024-07-01 11:42:45,GOOG,BUY,600,129.58
2024-07-01 11:43:34,NVDA,BUY,512,425.8
2024-07-01 11:43:50,NFLX,BUY,492,447.74
2024-07-01 11:43:57,AAPL,BUY,985,191.65
2024-07-01 11:43:59,GOOG,SELL,263,129.37
2024-07-01 11:44:13,NVDA,BUY,844,394.28
2024-07-01 11:46:57,AAPL,SELL,179,186.97
2024-07-01 11:47:36,GOOG,SELL,312,127.74
2024-07-01 11:48:04,AAPL,BUY,392,191.74
2024-07-01 11:48:47,AAPL,SELL,286,195.99
2024-07-01 11:49:38,AMZN,BUY,485,136.95
2024-07-01 11:49:43,AAPL,SELL,967,187.68
2024-07-01 11:50:00,META,SELL,126,293.2
2024-07-01 11:50:13,TSLA,SELL,473,252.02
2024-07-01 11:50:37,AMZN,SELL,927,131.97
2024-07-01 11:50:42,MSFT,BUY,98,345.75
2024-07-01 11:50:56,NFLX,BUY,704,452.63
2024-07-01 11:52:29,TSLA,SELL,92,253.59
2024-07-01 11:53:26,GOOG,SELL,881,132.57
2024-07-01 11:54:21,AAPL,SELL,552,189.62
2024-07-01 11:54:24,NVDA,SELL,345,416.47
2024-07-01 11:54:55,NVDA,SELL,334,433.03
2024-07-01 11:55:54,AAPL,BUY,87,186.71
2024-07-01 11:56:35,NFLX,SELL,435,450.56
2024-07-01 11:56:46,META,SELL,57,310.39
2024-07-01 11:56:52,NFLX,BUY,292,467.14
2024-07-01 11:57:07,NFLX,BUY,320,453.33
2024-07-01 11:57:37,TSLA,BUY,988,249.79
2024-07-01 11:58:12,GOOG,BUY,783,127.94
2024-07-01 12:00:51,TSLA,SELL,360,257.64
2024-07-01 12:02:23,NVDA,BUY,646,413.01
2024-07-01 12:03:42,AMZN,SELL,605,132.24
2024-07-01 12:05:28,NFLX,BUY,429,445.52
2024-07-01 12:06:56,AMZN,SELL,523,141.26
2024-07-01 12:07:48,MSFT,BUY,772,341.39
2024-07-01 12:07:53,TSLA,BUY,855,253.2
2024-07-01 12:08:39,TSLA,BUY,964,244.42
2024-07-01 12:08:46,NVDA,SELL,240,427.02
2024-07-01 12:09:03,GOOG,SELL,559,131.81
2024-07-01 12:09:35,NFLX,SELL,661,455.53
2024-07-01 12:11:28,MSFT,BUY,995,338.54
2024-07-01 12:11:55,NVDA,SELL,681,425.96
2024-07-01 12:12:03,GOOG,SELL,270,130.12
2024-07-01 12:12:42,TSLA,BUY,685,250.72
2024-07-01 12:13:02,AAPL,BUY,965,191.78
2024-07-01 12:14:57,GOOG,SELL,28,127.91
2024-07-01 12:15:07,NVDA,BUY,670,428.55
2024-07-01 12:15:21,META,BUY,543,309.65
2024-07-01 12:18:44,MSFT,SELL,619,342.56
2024-07-01 12:19:26,NVDA,SELL,530,419.84
2024-07-01 12:19:32,TSLA,BUY,229,246.26
2024-07-01 12:19:41,AAPL,BUY,763,191.2
2024-07-01 12:20:42,AAPL,BUY,976,187.17
2024-07-01 12:21:09,NFLX,SELL,813,453.32
2024-07-01 12:21:23,MSFT,BUY,680,349.47
2024-07-01 12:21:25,META,BUY,319,305.54
2024-07-01 12:24:05,NVDA,SELL,527,423.35
2024-07-01 12:25:20,META,SELL,521,309.5
2024-07-01 12:26:31,MSFT,BUY,580,339.45
2024-07-01 12:26:49,GOOG,BUY,882,128.2
2024-07-01 12:28:35,TSLA,SELL,879,261.59
2024-07-01 12:28:41,AAPL,BUY,259,192.62
2024-07-01 12:30:55,GOOG,SELL,344,128.8
2024-07-01 12:31:10,TSLA,SELL,540,248.56
2024-07-01 12:31:11,NVDA,BUY,515,422.91
2024-07-01 12:32:07,META,BUY,100,299.7
2024-07-01 12:33:15,AAPL,BUY,600,190.42
2024-07-01 12:33:48,TSLA,BUY,954,255.14
2024-07-01 12:35:36,META,BUY,576,306.69
2024-07-01 12:36:03,TSLA,SELL,705,248.13
2024-07-01 12:36:37,AAPL,SELL,536,191.08
2024-07-01 12:36:40,NVDA,SELL,296,444.96
2024-07-01 12:36:51,AAPL,BUY,169,191.73
2024-07-01 12:37:15,TSLA,BUY,251,259.56
2024-07-01 12:38:09,NFLX,SELL,376,431.71
2024-07-01 12:38:09,GOOG,SELL,868,131.98
2024-07-01 12:38:25,NVDA,BUY,937,416.84
2024-07-01 12:39:04,NFLX,SELL,865,450.21
2024-07-01 12:39:07,AMZN,SELL,308,135.91
2024-07-01 12:39:46,NVDA,BUY,420,405.8
2024-07-01 12:40:22,AMZN,SELL,697,133.59
2024-07-01 12:40:28,NVDA,BUY,73,428.3
2024-07-01 12:44:33,NFLX,SELL,560,445.88
2024-07-01 12:44:52,TSLA,BUY,729,261.16
2024-07-01 12:46:57,AMZN,BUY,891,137.04
2024-07-01 12:51:25,AAPL,SELL,610,199.51
2024-07-01 12:51:47,AMZN,BUY,253,134.51
2024-07-01 12:52:04,NVDA,BUY,81,431.87
2024-07-01 12:52:09,AAPL,BUY,603,190.03
2024-07-01 12:55:02,NVDA,SELL,561,415.29
2024-07-01 12:55:46,GOOG,SELL,247,129.77
2024-07-01 12:55:54,NFLX,SELL,713,446.5
2024-07-01 12:56:11,MSFT,BUY,786,334.0
2024-07-01 12:56:15,NVDA,SELL,829,422.88
2024-07-01 12:56:16,META,BUY,87,294.87
2024-07-01 12:57:08,AMZN,BUY,243,134.73
2024-07-01 12:58:38,MSFT,BUY,5193,348.62
2024-07-01 12:59:44,MSFT,BUY,461,333.35
2024-07-01 12:59:53,TSLA,BUY,459,244.95
2024-07-01 13:00:16,META,SELL,71,293.52
2024-07-01 13:00:34,NFLX,BUY,778,516.5667913244931
2024-07-01 13:01:10,GOOG,BUY,523,131.1
2024-07-01 13:02:06,AMZN,BUY,920,135.15
2024-07-01 13:02:09,MSFT,BUY,798,335.82
2024-07-01 13:02:48,TSLA,BUY,354,254.31
2024-07-01 13:03:08,AAPL,BUY,60,188.11
2024-07-01 13:03:56,AMZN,SELL,617,135.53
2024-07-01 13:05:00,MSFT,BUY,767,345.09
2024-07-01 13:05:05,META,SELL,215,289.05
2024-07-01 13:05:52,GOOG,BUY,706,124.98
2024-07-01 13:07:49,AMZN,BUY,3052,131.86
2024-07-01 13:08:39,AAPL,SELL,710,190.37
2024-07-01 13:08:47,AAPL,SELL,203,192.11
2024-07-01 13:09:20,AMZN,SELL,480,138.18
2024-07-01 13:09:22,META,BUY,257,301.65
2024-07-01 13:09:23,AMZN,SELL,208,138.32
2024-07-01 13:10:05,GOOG,BUY,776,130.63
2024-07-01 13:12:10,NVDA,BUY,732,420.23
2024-07-01 13:12:32,META,BUY,390,301.35
2024-07-01 13:13:56,AAPL,BUY,401,182.41
2024-07-01 13:14:43,NFLX,SELL,764,442.34
2024-07-01 13:17:01,TSLA,BUY,435,251.93
2024-07-01 13:17:23,GOOG,SELL,515,132.62
2024-07-01 13:18:52,GOOG,SELL,669,134.06
2024-07-01 13:19:31,META,SELL,46,287.42
2024-07-01 13:19:51,META,SELL,573,302.38
2024-07-01 13:19:54,AAPL,SELL,906,184.04
2024-07-01 13:20:36,MSFT,SELL,441,345.15
2024-07-01 13:20:49,AMZN,BUY,659,133.93
2024-07-01 13:23:06,MSFT,SELL,323,348.58
2024-07-01 13:23:41,AAPL,SELL,667,181.01
2024-07-01 13:24:14,NVDA,SELL,552,422.49
2024-07-01 13:24:31,META,BUY,852,302.97
2024-07-01 13:24:38,NVDA,BUY,995,419.85
2024-07-01 13:25:40,MSFT,SELL,912,343.47
2024-07-01 13:25:46,AMZN,BUY,294,135.46
2024-07-01 13:26:37,MSFT,BUY,736,334.18
2024-07-01 13:27:01,AAPL,SELL,462,191.9
2024-07-01 13:27:19,TSLA,SELL,387,251.29
2024-07-01 13:27:22,META,SELL,548,308.18
2024-07-01 13:27:51,GOOG,BUY,654,130.73
2024-07-01 13:29:10,NFLX,BUY,721,435.77
2024-07-01 13:30:22,NFLX,SELL,734,453.98
2024-07-01 13:30:50,NFLX,SELL,211,446.54
2024-07-01 13:31:47,NFLX,BUY,643,438.22
2024-07-01 13:32:06,AAPL,SELL,833,185.44
2024-07-01 13:32:38,NVDA,SELL,816,425.2
2024-07-01 13:33:16,META,BUY,714,305.09
2024-07-01 13:33:22,NVDA,BUY,238,418.4
2024-07-01 13:33:30,META,SELL,170,292.42
2024-07-01 13:34:52,GOOG,SELL,553,130.73
2024-07-01 13:37:39,NFLX,SELL,943,451.53
2024-07-01 13:37:44,NVDA,SELL,299,430.73
2024-07-01 13:37:54,GOOG,BUY,955,131.82
2024-07-01 13:38:26,AMZN,SELL,502,135.3
2024-07-01 13:40:43,AAPL,SELL,459,193.15
2024-07-01 13:41:23,AAPL,BUY,358,190.08
2024-07-01 13:41:42,GOOG,BUY,386,126.54
2024-07-01 13:42:39,AAPL,BUY,283,185.6
2024-07-01 13:43:50,NFLX,BUY,808,452.11
2024-07-01 13:44:15,META,SELL,909,306.6
2024-07-01 13:44:44,GOOG,SELL,67,132.29
2024-07-01 13:44:45,AMZN,BUY,133,139.37
2024-07-01 13:44:58,MSFT,SELL,397,332.89
2024-07-01 13:45:10,GOOG,BUY,167,130.86
2024-07-01 13:46:17,META,BUY,710,302.01
2024-07-01 13:46:49,NFLX,BUY,697,454.52
2024-07-01 13:48:45,NFLX,BUY,997,465.6
2024-07-01 13:49:00,AAPL,SELL,341,193.18
2024-07-01 13:49:15,TSLA,BUY,30,250.23
2024-07-01 13:49:58,TSLA,BUY,113,253.72
2024-07-01 13:50:19,AMZN,BUY,412,136.37
2024-07-01 13:50:52,AMZN,SELL,19,136.99
2024-07-01 13:51:09,MSFT,BUY,857,333.01
2024-07-01 13:52:05,TSLA,SELL,920,252.45
2024-07-01 13:52:35,AAPL,SELL,743,190.14
2024-07-01 13:52:36,NFLX,SELL,123,444.21
2024-07-01 13:52:48,META,BUY,326,299.79
2024-07-01 13:56:02,MSFT,SELL,662,338.17
2024-07-01 13:57:20,AAPL,SELL,915,201.44
2024-07-01 13:59:52,MSFT,SELL,879,348.22
2024-07-01 14:00:24,META,SELL,577,307.57
2024-07-01 14:00:30,NFLX,BUY,948,441.31
2024-07-01 14:00:49,NFLX,BUY,321,441.13
2024-07-01 14:01:22,AAPL,SELL,608,189.06
2024-07-01 14:03:20,META,BUY,306,305.85
2024-07-01 14:03:29,AAPL,BUY,729,191.83
2024-07-01 14:04:02,MSFT,SELL,103,345.66
2024-07-01 14:05:26,TSLA,BUY,154,256.68
2024-07-01 14:05:41,GOOG,BUY,497,132.27
2024-07-01 14:06:29,NFLX,SELL,37,446.99
2024-07-01 14:06:37,TSLA,BUY,704,254.85
2024-07-01 14:07:13,MSFT,BUY,990,334.85
2024-07-01 14:07:29,NVDA,SELL,484,431.42
2024-07-01 14:08:34,GOOG,BUY,564,128.73
2024-07-01 14:08:42,AAPL,SELL,937,190.8
2024-07-01 14:10:09,AMZN,SELL,837,137.52
2024-07-01 14:11:21,GOOG,BUY,846,131.01
2024-07-01 14:13:40,AAPL,BUY,893,186.19
2024-07-01 14:13:43,AMZN,SELL,943,136.98
2024-07-01 14:13:44,MSFT,SELL,335,330.76
2024-07-01 14:14:38,NFLX,BUY,794,449.43
2024-07-01 14:16:34,GOOG,SELL,850,131.06
2024-07-01 14:16:44,TSLA,BUY,50,259.79
2024-07-01 14:17:10,MSFT,SELL,93,331.76
2024-07-01 14:21:53,MSFT,SELL,839,338.28
2024-07-01 14:21:56,META,BUY,337,299.53
2024-07-01 14:24:00,AMZN,SELL,588,135.81
2024-07-01 14:24:02,NVDA,SELL,888,427.3
2024-07-01 14:24:21,TSLA,SELL,286,246.73
2024-07-01 14:25:26,GOOG,SELL,991,129.95
2024-07-01 14:25:29,NFLX,SELL,665,459.57
2024-07-01 14:26:04,AMZN,BUY,999,133.28
2024-07-01 14:27:08,AMZN,SELL,695,137.16
2024-07-01 14:27:28,NVDA,SELL,272,424.29
2024-07-01 14:27:30,AAPL,BUY,763,187.95
2024-07-01 14:28:27,NVDA,BUY,839,413.17
2024-07-01 14:29:30,META,SELL,855,302.92
2024-07-01 14:30:23,NVDA,BUY,298,419.84
2024-07-01 14:31:30,NFLX,BUY,758,454.73
2024-07-01 14:31:32,NVDA,BUY,264,414.57
2024-07-01 14:32:25,AMZN,BUY,997,135.79
2024-07-01 14:32:29,AMZN,BUY,52,131.14
2024-07-01 14:33:11,META,SELL,567,304.01
2024-07-01 14:33:40,NFLX,BUY,229,444.37
2024-07-01 14:34:54,META,SELL,980,293.44
2024-07-01 14:35:00,META,SELL,694,293.61
2024-07-01 14:35:38,AMZN,BUY,744,133.83
2024-07-01 14:40:16,TSLA,SELL,566,250.16
2024-07-01 14:40:40,AMZN,BUY,94,136.0
2024-07-01 14:43:07,META,BUY,681,297.0
2024-07-01 14:43:15,META,BUY,66,294.71
2024-07-01 14:43:47,NVDA,BUY,404,416.64
2024-07-01 14:47:54,NFLX,BUY,151,437.25
2024-07-01 14:48:05,GOOG,SELL,591,129.68
2024-07-01 14:48:21,NVDA,SELL,875,417.39
2024-07-01 14:48:54,AAPL,SELL,273,188.13
2024-07-01 14:50:21,TSLA,SELL,267,251.02
2024-07-01 14:50:41,META,SELL,967,299.88
2024-07-01 14:52:46,AMZN,BUY,31,136.35
2024-07-01 14:53:32,META,BUY,298,293.15
2024-07-01 14:54:02,AAPL,SELL,518,180.29
2024-07-01 14:56:09,AMZN,SELL,242,137.35
2024-07-01 14:57:29,GOOG,SELL,281,131.43
2024-07-01 14:59:10,NFLX,SELL,590,448.24
2024-07-01 15:00:02,NFLX,SELL,437,442.0
2024-07-01 15:00:49,META,BUY,190,304.53
2024-07-01 15:00:59,META,BUY,575,291.39
2024-07-01 15:01:21,NVDA,BUY,905,411.88
2024-07-01 15:01:41,GOOG,BUY,119,126.08
2024-07-01 15:01:49,NVDA,SELL,328,434.43
2024-07-01 15:02:03,AAPL,SELL,26,184.32
2024-07-01 15:02:49,NVDA,SELL,205,420.38
2024-07-01 15:03:06,NVDA,BUY,505,418.56
2024-07-01 15:03:38,NFLX,SELL,857,457.92
2024-07-01 15:03:39,NVDA,SELL,790,414.99
2024-07-01 15:04:21,TSLA,BUY,541,245.5
2024-07-01 15:05:12,GOOG,BUY,158,127.56
2024-07-01 15:05:16,AMZN,BUY,680,139.38
2024-07-01 15:05:46,AAPL,BUY,211,188.32
2024-07-01 15:05:50,AAPL,BUY,517,185.34
2024-07-01 15:06:04,AMZN,SELL,563,135.08
2024-07-01 15:06:50,TSLA,SELL,522,251.35
2024-07-01 15:07:29,TSLA,BUY,361,251.78
2024-07-01 15:07:43,META,BUY,469,308.4
2024-07-01 15:08:08,META,BUY,930,302.53
2024-07-01 15:09:07,TSLA,SELL,444,240.06
2024-07-01 15:10:15,TSLA,BUY,501,241.54
2024-07-01 15:12:37,AAPL,BUY,731,191.32
2024-07-01 15:15:14,NVDA,BUY,973,420.08
2024-07-01 15:16:01,AMZN,SELL,404,133.69
2024-07-01 15:17:30,NFLX,BUY,45,456.03
2024-07-01 15:18:52,AAPL,BUY,626,189.52
2024-07-01 15:21:04,NVDA,BUY,675,427.3
2024-07-01 15:21:07,GOOG,BUY,529,133.38
2024-07-01 15:21:15,TSLA,SELL,314,249.81
2024-07-01 15:23:23,AAPL,BUY,466,185.58
2024-07-01 15:23:25,META,SELL,342,306.47
2024-07-01 15:23:36,NFLX,SELL,435,462.84
2024-07-01 15:23:56,TSLA,BUY,620,244.04
2024-07-01 15:24:38,NFLX,BUY,574,458.39
2024-07-01 15:24:51,MSFT,BUY,556,332.35
2024-07-01 15:26:18,AMZN,SELL,2772,135.76
2024-07-01 15:27:22,AMZN,SELL,81,138.43
2024-07-01 15:27:34,AAPL,BUY,730,188.23
2024-07-01 15:27:44,NVDA,SELL,436,428.79
2024-07-01 15:28:38,NFLX,SELL,109,450.64
2024-07-01 15:28:49,GOOG,SELL,954,129.91
2024-07-01 15:29:26,NFLX,BUY,219,446.89
2024-07-01 15:29:30,AAPL,SELL,454,185.17
2024-07-01 15:30:17,META,BUY,381,298.17
2024-07-01 15:30:36,MSFT,SELL,670,335.69
2024-07-01 15:31:31,NVDA,SELL,807,424.86
2024-07-01 15:31:49,NFLX,SELL,811,456.94
2024-07-01 15:32:49,GOOG,BUY,783,128.06
2024-07-01 15:33:24,GOOG,BUY,676,132.08
2024-07-01 15:33:25,META,BUY,665,300.74
2024-07-01 15:33:38,GOOG,BUY,225,128.08
2024-07-01 15:33:55,MSFT,BUY,357,349.54
2024-07-01 15:37:39,MSFT,SELL,358,336.98
2024-07-01 15:41:46,AAPL,SELL,5013,189.84
2024-07-01 15:43:20,NVDA,BUY,946,424.49
2024-07-01 15:43:30,META,SELL,622,291.34
2024-07-01 15:43:33,META,SELL,765,293.09
2024-07-01 15:44:53,AMZN,SELL,685,135.06
2024-07-01 15:45:19,AAPL,SELL,721,272.7861030251149
2024-07-01 15:45:21,NFLX,SELL,728,450.56
2024-07-01 15:45:53,NFLX,SELL,699,432.96
2024-07-01 15:46:51,NFLX,BUY,838,449.97
2024-07-01 15:48:11,MSFT,BUY,515,341.95
2024-07-01 15:48:14,NFLX,SELL,540,442.81
2024-07-01 15:50:38,AMZN,SELL,116,135.25
2024-07-01 15:51:05,TSLA,BUY,272,253.14
2024-07-01 15:51:21,NFLX,BUY,3990,448.99
2024-07-01 15:52:16,TSLA,BUY,234,262.63
2024-07-01 15:52:21,NVDA,BUY,330,422.11
2024-07-01 15:52:35,NVDA,SELL,805,421.86
2024-07-01 15:52:42,MSFT,SELL,97,337.59
2024-07-01 15:53:44,NVDA,SELL,233,418.97
2024-07-01 15:53:46,GOOG,BUY,617,126.44
2024-07-01 15:53:52,TSLA,SELL,51,249.62
2024-07-01 15:53:55,AAPL,SELL,976,188.88
2024-07-01 15:54:43,MSFT,SELL,391,339.69
2024-07-01 15:55:16,META,SELL,653,296.1
2024-07-01 15:55:31,AAPL,BUY,17,186.96
2024-07-01 15:55:42,NVDA,BUY,671,424.77
2024-07-01 15:56:02,AAPL,BUY,746,186.97
2024-07-01 15:56:29,META,BUY,618,305.16
2024-07-01 15:57:16,NFLX,BUY,401,455.48
2024-07-01 15:57:17,GOOG,SELL,327,134.03
2024-07-01 15:57:38,NVDA,BUY,199,416.33
2024-07-01 15:58:07,META,BUY,408,299.4042613252863
2024-07-01 15:58:09,AAPL,BUY,536,187.16
2024-07-01 15:58:10,MSFT,SELL,74,342.85
2024-07-02 09:30:44,MSFT,SELL,132,340.94
2024-07-02 09:32:28,NFLX,SELL,971,454.88
2024-07-02 09:33:21,TSLA,BUY,309,250.23
2024-07-02 09:33:23,TSLA,BUY,980,252.15
2024-07-02 09:33:49,META,SELL,564,305.94
2024-07-02 09:34:02,NVDA,BUY,55,420.14
2024-07-02 09:34:52,TSLA,BUY,828,249.37
2024-07-02 09:34:55,MSFT,SELL,929,337.05
2024-07-02 09:35:50,GOOG,SELL,762,130.31
2024-07-02 09:36:08,GOOG,BUY,850,128.64
2024-07-02 09:36:22,NFLX,BUY,296,456.85
2024-07-02 09:37:36,TSLA,SELL,511,251.03
2024-07-02 09:39:01,NFLX,BUY,380,454.8
2024-07-02 09:39:39,NFLX,SELL,517,447.32
2024-07-02 09:39:52,AMZN,BUY,502,131.41
2024-07-02 09:40:07,AAPL,SELL,235,188.72
2024-07-02 09:40:14,NFLX,BUY,988,437.51
2024-07-02 09:40:29,AAPL,BUY,825,193.75
2024-07-02 09:40:31,NVDA,SELL,211,417.16
2024-07-02 09:42:02,NFLX,BUY,800,447.38
2024-07-02 09:42:17,GOOG,BUY,346,131.93
2024-07-02 09:42:19,AAPL,BUY,172,191.09
2024-07-02 09:42:33,TSLA,SELL,636,242.27
2024-07-02 09:43:40,NFLX,BUY,551,443.35
2024-07-02 09:47:31,META,BUY,188,302.37
2024-07-02 09:48:33,GOOG,BUY,78,129.39
2024-07-02 09:50:56,MSFT,SELL,247,355.06
2024-07-02 09:51:00,GOOG,BUY,539,128.02
2024-07-02 09:52:07,TSLA,BUY,162,250.48
2024-07-02 09:53:21,AAPL,BUY,765,186.24
2024-07-02 09:53:34,TSLA,SELL,645,248.77
2024-07-02 09:53:35,NFLX,SELL,815,449.96
2024-07-02 09:54:30,GOOG,BUY,314,127.77
2024-07-02 09:54:50,AMZN,BUY,494,133.53
2024-07-02 09:55:11,AMZN,BUY,917,136.62
2024-07-02 09:55:39,NFLX,BUY,236,456.38
2024-07-02 09:56:30,NFLX,SELL,25,465.62
2024-07-02 09:57:54,NVDA,BUY,859,422.54
2024-07-02 09:58:51,MSFT,SELL,986,341.13
2024-07-02 10:01:37,AMZN,SELL,973,141.7
2024-07-02 10:02:53,NVDA,BUY,468,419.14
2024-07-02 10:03:03,META,SELL,695,296.41
2024-07-02 10:04:47,TSLA,BUY,67,246.1
2024-07-02 10:05:54,META,SELL,864,301.52
2024-07-02 10:06:15,MSFT,BUY,328,335.63
2024-07-02 10:06:33,NFLX,SELL,254,434.89
2024-07-02 10:06:54,MSFT,BUY,989,335.8
2024-07-02 10:07:06,TSLA,BUY,613,249.34
2024-07-02 10:07:44,TSLA,SELL,396,244.49
2024-07-02 10:07:55,AAPL,BUY,995,188.81
2024-07-02 10:08:09,AMZN,BUY,267,132.24
2024-07-02 10:09:20,NVDA,SELL,658,420.14
2024-07-02 10:10:24,META,SELL,665,303.1
2024-07-02 10:10:26,MSFT,SELL,911,345.78
2024-07-02 10:10:34,META,SELL,103,302.21
2024-07-02 10:10:37,GOOG,SELL,519,129.55
2024-07-02 10:11:03,NFLX,BUY,714,445.59
2024-07-02 10:11:34,NVDA,BUY,703,423.26
2024-07-02 10:12:08,NVDA,SELL,482,399.71
2024-07-02 10:12:13,TSLA,BUY,302,246.8
2024-07-02 10:12:14,AAPL,SELL,490,190.61
2024-07-02 10:13:42,AAPL,BUY,104,189.59
2024-07-02 10:15:14,AAPL,BUY,246,187.79
2024-07-02 10:15:29,AMZN,SELL,729,140.24
2024-07-02 10:16:08,GOOG,BUY,4960,129.16
2024-07-02 10:17:29,META,BUY,587,294.54
2024-07-02 10:17:46,META,BUY,355,291.98
2024-07-02 10:18:14,MSFT,BUY,231,346.41
2024-07-02 10:18:23,TSLA,SELL,20,247.84
2024-07-02 10:19:37,GOOG,BUY,69,133.68
2024-07-02 10:20:08,TSLA,SELL,484,252.31
2024-07-02 10:24:12,MSFT,SELL,356,343.17
2024-07-02 10:24:19,GOOG,SELL,290,126.04
2024-07-02 10:24:27,TSLA,BUY,261,248.98
2024-07-02 10:25:48,GOOG,SELL,468,130.9
2024-07-02 10:25:56,NVDA,BUY,412,416.68
2024-07-02 10:26:06,NVDA,BUY,199,419.65
2024-07-02 10:27:33,MSFT,SELL,181,341.26
2024-07-02 10:27:56,META,BUY,346,294.77
2024-07-02 10:27:58,AAPL,BUY,134,189.21
2024-07-02 10:30:24,AAPL,SELL,709,193.2
2024-07-02 10:32:13,META,SELL,160,295.13
2024-07-02 10:32:18,NFLX,BUY,340,458.44
2024-07-02 10:35:32,AAPL,SELL,869,193.01
2024-07-02 10:35:34,NVDA,BUY,719,417.09
2024-07-02 10:35:40,MSFT,BUY,667,332.36
2024-07-02 10:36:37,AMZN,BUY,19,137.78
2024-07-02 10:37:36,NFLX,BUY,723,454.36
2024-07-02 10:37:59,NFLX,BUY,772,469.81
2024-07-02 10:38:13,NVDA,SELL,930,420.06
2024-07-02 10:39:21,AAPL,SELL,995,188.84
2024-07-02 10:39:37,NFLX,SELL,293,452.09
2024-07-02 10:44:25,GOOG,BUY,37,128.59
2024-07-02 10:44:27,NFLX,BUY,70,454.61
2024-07-02 10:44:59,TSLA,BUY,849,244.43
2024-07-02 10:45:19,AMZN,BUY,19,140.42
2024-07-02 10:46:02,GOOG,BUY,167,127.4
2024-07-02 10:46:32,NVDA,BUY,102,421.89
2024-07-02 10:46:57,GOOG,BUY,234,128.37
2024-07-02 10:48:53,NFLX,SELL,832,463.39
2024-07-02 10:49:07,META,SELL,11,303.87
2024-07-02 10:49:40,NFLX,BUY,310,444.12
2024-07-02 10:49:48,TSLA,SELL,981,248.82
2024-07-02 10:51:29,NFLX,SELL,986,455.32
2024-07-02 10:51:31,GOOG,SELL,470,131.66
2024-07-02 10:52:48,NVDA,BUY,864,423.96
2024-07-02 10:54:23,NVDA,BUY,270,416.49
2024-07-02 10:55:41,NVDA,SELL,887,442.51
2024-07-02 10:56:18,AAPL,SELL,490,191.29
2024-07-02 10:57:06,META,SELL,329,300.16
2024-07-02 10:57:07,META,BUY,975,302.17
2024-07-02 10:58:03,MSFT,SELL,98,324.37
2024-07-02 10:58:11,GOOG,BUY,827,131.98
2024-07-02 10:58:15,NVDA,SELL,49,415.7
2024-07-02 10:58:25,NVDA,BUY,300,430.41
2024-07-02 10:58:58,MSFT,SELL,689,335.39
2024-07-02 10:59:44,AAPL,SELL,628,197.52
2024-07-02 11:01:07,GOOG,BUY,935,134.65
2024-07-02 11:01:44,MSFT,BUY,775,336.66
2024-07-02 11:01:59,MSFT,SELL,858,330.52
2024-07-02 11:02:13,NVDA,BUY,55,406.12
2024-07-02 11:02:44,TSLA,BUY,694,252.15
2024-07-02 11:03:08,NFLX,BUY,151,443.46
2024-07-02 11:03:26,NFLX,BUY,537,449.64
2024-07-02 11:03:36,META,SELL,185,302.4
2024-07-02 11:04:15,AMZN,SELL,826,135.71
2024-07-02 11:05:09,TSLA,SELL,652,257.56
2024-07-02 11:06:14,AMZN,BUY,270,135.17
2024-07-02 11:07:00,NVDA,SELL,757,441.39
2024-07-02 11:07:05,TSLA,SELL,84,245.52
2024-07-02 11:08:50,MSFT,BUY,276,343.17
2024-07-02 11:08:58,META,BUY,435,301.79
2024-07-02 11:09:12,NVDA,BUY,384,424.98
2024-07-02 11:10:02,TSLA,SELL,895,248.45
2024-07-02 11:10:57,GOOG,BUY,2457,131.25
2024-07-02 11:11:17,META,BUY,54,306.44
2024-07-02 11:13:18,META,SELL,414,301.66
2024-07-02 11:15:04,MSFT,BUY,765,332.74
2024-07-02 11:15:32,TSLA,BUY,737,244.66
2024-07-02 11:16:37,MSFT,BUY,712,340.88
2024-07-02 11:18:21,NVDA,SELL,264,428.55
2024-07-02 11:18:39,NVDA,SELL,934,430.89
2024-07-02 11:18:42,NFLX,BUY,950,437.9
2024-07-02 11:19:16,NVDA,BUY,890,408.35
2024-07-02 11:19:33,TSLA,SELL,743,244.35
2024-07-02 11:20:15,NVDA,SELL,512,428.05
2024-07-02 11:21:11,GOOG,BUY,774,133.74
2024-07-02 11:21:23,META,SELL,608,312.59
2024-07-02 11:21:25,NVDA,BUY,504,425.07
2024-07-02 11:21:36,GOOG,BUY,285,132.33
2024-07-02 11:22:49,MSFT,BUY,401,348.67
2024-07-02 11:24:27,MSFT,BUY,980,347.61
2024-07-02 11:24:40,AMZN,BUY,469,135.83
2024-07-02 11:24:58,GOOG,BUY,738,130.23
2024-07-02 11:25:13,TSLA,SELL,639,259.7
2024-07-02 11:25:16,AAPL,BUY,209,195.22
2024-07-02 11:25:26,AMZN,BUY,335,136.46
2024-07-02 11:25:28,NVDA,BUY,311,413.02
2024-07-02 11:26:05,AMZN,SELL,615,130.31
2024-07-02 11:26:39,GOOG,BUY,29,128.86
2024-07-02 11:27:48,NVDA,BUY,391,419.61
2024-07-02 11:28:24,NFLX,SELL,517,453.08
2024-07-02 11:28:29,MSFT,SELL,631,338.22
2024-07-02 11:28:47,TSLA,SELL,83,257.07
2024-07-02 11:28:53,AMZN,BUY,957,132.35
2024-07-02 11:30:27,META,SELL,695,311.13
2024-07-02 11:32:07,GOOG,SELL,563,131.76
2024-07-02 11:32:30,GOOG,BUY,748,131.62
2024-07-02 11:33:11,AMZN,BUY,620,135.37
2024-07-02 11:33:28,GOOG,BUY,649,130.35
2024-07-02 11:34:53,TSLA,SELL,229,254.65
2024-07-02 11:35:08,NVDA,SELL,48,418.11
2024-07-02 11:36:44,NVDA,SELL,302,411.68
2024-07-02 11:37:55,NFLX,BUY,919,460.27
2024-07-02 11:38:25,TSLA,BUY,475,243.45
2024-07-02 11:39:07,GOOG,BUY,384,130.31
2024-07-02 11:39:13,META,BUY,46,296.05
2024-07-02 11:40:32,MSFT,BUY,30,345.59
2024-07-02 11:40:57,GOOG,SELL,701,127.9
2024-07-02 11:42:39,GOOG,BUY,682,131.43
2024-07-02 11:42:43,NVDA,SELL,17,413.51
2024-07-02 11:42:44,TSLA,BUY,753,252.21
2024-07-02 11:42:55,TSLA,BUY,234,253.65
2024-07-02 11:43:11,MSFT,SELL,492,329.36
2024-07-02 11:44:35,MSFT,BUY,435,344.73
2024-07-02 11:44:57,AAPL,BUY,656,193.03
2024-07-02 11:45:26,NFLX,SELL,267,454.18
2024-07-02 11:45:45,GOOG,SELL,384,132.5
2024-07-02 11:49:26,TSLA,SELL,681,249.18
2024-07-02 11:49:31,TSLA,SELL,636,247.84
2024-07-02 11:50:05,GOOG,BUY,817,126.89
2024-07-02 11:50:06,NFLX,SELL,69,453.61
2024-07-02 11:51:52,MSFT,SELL,520,347.88
2024-07-02 11:53:06,META,BUY,229,306.45
2024-07-02 11:53:57,NFLX,BUY,246,466.38
2024-07-02 11:53:59,NVDA,SELL,445,416.63
2024-07-02 11:55:52,MSFT,SELL,976,337.24
2024-07-02 11:56:47,AAPL,BUY,644,190.64
2024-07-02 11:57:26,AMZN,BUY,382,133.15
2024-07-02 11:57:56,META,SELL,180,300.14
2024-07-02 11:58:02,AAPL,BUY,922,184.67
2024-07-02 11:58:22,MSFT,SELL,558,347.9
2024-07-02 11:59:07,AMZN,BUY,816,133.76
2024-07-02 11:59:33,AAPL,BUY,706,185.7
2024-07-02 12:00:15,META,BUY,211,295.94
2024-07-02 12:00:48,NVDA,BUY,580,402.54
2024-07-02 12:01:10,NFLX,BUY,249,445.58
2024-07-02 12:02:15,NFLX,SELL,511,453.1
2024-07-02 12:02:59,META,BUY,25,290.12
2024-07-02 12:04:24,MSFT,BUY,877,336.1
2024-07-02 12:07:49,NFLX,BUY,309,445.56
2024-07-02 12:08:59,NVDA,SELL,968,428.54
2024-07-02 12:09:30,AMZN,BUY,833,133.15
2024-07-02 12:11:22,AAPL,SELL,642,184.78
2024-07-02 12:11:43,AAPL,BUY,397,189.14
2024-07-02 12:11:50,NVDA,SELL,780,409.19
2024-07-02 12:13:01,GOOG,BUY,18,129.07
2024-07-02 12:13:35,TSLA,BUY,802,246.47
2024-07-02 12:13:52,MSFT,SELL,851,341.02
2024-07-02 12:16:58,MSFT,BUY,524,349.8
2024-07-02 12:17:14,NFLX,BUY,399,452.28
2024-07-02 12:18:34,TSLA,SELL,418,258.13
2024-07-02 12:19:06,AAPL,BUY,943,186.66
2024-07-02 12:19:06,META,BUY,61,287.94
2024-07-02 12:20:22,AAPL,BUY,37,182.46
2024-07-02 12:20:26,GOOG,BUY,819,127.29
2024-07-02 12:20:30,MSFT,BUY,427,334.42
2024-07-02 12:21:03,AAPL,BUY,219,199.9
2024-07-02 12:21:30,TSLA,SELL,816,249.42
2024-07-02 12:22:08,MSFT,SELL,589,348.86
2024-07-02 12:22:46,TSLA,BUY,22,259.28
2024-07-02 12:23:20,NFLX,SELL,283,448.49
2024-07-02 12:23:42,MSFT,SELL,585,347.31
2024-07-02 12:24:00,META,SELL,921,295.66
2024-07-02 12:25:48,NFLX,SELL,712,449.56
2024-07-02 12:27:31,NVDA,BUY,200,418.81
2024-07-02 12:27:38,TSLA,SELL,496,248.83
2024-07-02 12:29:23,NFLX,SELL,634,462.01
2024-07-02 12:30:00,MSFT,BUY,137,336.33
2024-07-02 12:30:02,GOOG,SELL,175,128.6
2024-07-02 12:31:13,AMZN,SELL,797,137.28
2024-07-02 12:32:14,GOOG,BUY,529,129.53
2024-07-02 12:35:29,AMZN,BUY,715,134.75
2024-07-02 12:35:44,AAPL,SELL,834,192.39
2024-07-02 12:37:32,AAPL,BUY,779,188.28
2024-07-02 12:39:11,NFLX,SELL,244,442.92
2024-07-02 12:41:00,GOOG,SELL,653,130.72
2024-07-02 12:41:09,NVDA,BUY,774,408.94
2024-07-02 12:43:43,AAPL,BUY,493,188.82
2024-07-02 12:44:16,AAPL,SELL,982,184.9
2024-07-02 12:45:54,AAPL,SELL,678,187.22
2024-07-02 12:47:12,GOOG,SELL,604,128.94
2024-07-02 12:47:32,AAPL,SELL,646,195.8
2024-07-02 12:47:58,MSFT,SELL,230,345.45
2024-07-02 12:48:20,META,BUY,866,293.28
2024-07-02 12:49:29,NVDA,SELL,590,419.2
2024-07-02 12:50:39,META,BUY,927,296.28
2024-07-02 12:52:30,TSLA,SELL,81,256.5
2024-07-02 12:54:07,TSLA,SELL,108,254.36
2024-07-02 12:55:16,NFLX,BUY,633,442.54
2024-07-02 12:55:27,NFLX,SELL,285,448.37
2024-07-02 12:55:52,NVDA,SELL,813,417.65
2024-07-02 13:00:35,AMZN,BUY,128,131.92
2024-07-02 13:01:51,AMZN,BUY,308,133.77
2024-07-02 13:01:55,META,SELL,621,310.02
2024-07-02 13:02:37,AAPL,BUY,16,183.97
2024-07-02 13:03:10,GOOG,SELL,682,136.63
2024-07-02 13:03:13,NVDA,BUY,623,416.35
2024-07-02 13:05:49,NVDA,SELL,825,422.48
2024-07-02 13:05:53,AAPL,SELL,914,189.25
2024-07-02 13:06:10,META,BUY,174,312.58
2024-07-02 13:06:12,GOOG,SELL,401,130.75
2024-07-02 13:06:13,MSFT,BUY,576,342.66
2024-07-02 13:06:45,META,SELL,753,303.33
2024-07-02 13:07:03,NVDA,SELL,38,418.29
2024-07-02 13:07:07,NFLX,BUY,966,442.97
2024-07-02 13:07:13,AMZN,BUY,705,133.5
2024-07-02 13:08:06,MSFT,SELL,273,338.49
2024-07-02 13:08:16,NVDA,SELL,754,431.37
2024-07-02 13:08:45,META,BUY,103,295.3
2024-07-02 13:09:01,AMZN,BUY,259,133.44
2024-07-02 13:10:34,AMZN,SELL,582,136.72
2024-07-02 13:11:37,NFLX,SELL,763,468.67
2024-07-02 13:11:39,TSLA,SELL,480,244.69
2024-07-02 13:12:01,TSLA,SELL,787,256.54
2024-07-02 13:12:18,AAPL,BUY,777,189.61
2024-07-02 13:14:22,AMZN,BUY,662,132.89
2024-07-02 13:15:03,NFLX,BUY,612,441.82
2024-07-02 13:15:19,NVDA,SELL,314,416.29
2024-07-02 13:15:24,TSLA,BUY,108,250.23
2024-07-02 13:15:40,GOOG,SELL,424,131.58
2024-07-02 13:16:54,NVDA,BUY,603,425.75
2024-07-02 13:17:01,TSLA,SELL,468,248.87
2024-07-02 13:17:08,AMZN,SELL,685,129.57
2024-07-02 13:17:33,NVDA,BUY,60,412.61
2024-07-02 13:17:37,GOOG,SELL,107,129.98
2024-07-02 13:17:54,META,BUY,920,300.75
2024-07-02 13:20:42,META,SELL,368,293.94
2024-07-02 13:20:53,GOOG,BUY,691,130.38
2024-07-02 13:22:31,MSFT,BUY,386,344.64
2024-07-02 13:22:35,MSFT,BUY,796,331.83
2024-07-02 13:23:57,META,SELL,935,300.38
2024-07-02 13:26:26,AAPL,SELL,54,187.9
2024-07-02 13:26:50,META,BUY,257,300.05
2024-07-02 13:27:38,MSFT,SELL,556,338.75
2024-07-02 13:29:36,NVDA,SELL,618,422.23
2024-07-02 13:30:14,NVDA,BUY,630,409.76
2024-07-02 13:30:19,META,SELL,592,297.33
2024-07-02 13:30:45,AAPL,SELL,520,183.67
2024-07-02 13:31:37,NVDA,BUY,445,438.26
2024-07-02 13:31:37,META,SELL,184,295.28
2024-07-02 13:31:43,AMZN,SELL,902,135.45
2024-07-02 13:31:59,AMZN,BUY,536,135.73
2024-07-02 13:32:27,TSLA,SELL,646,254.48
2024-07-02 13:33:29,NVDA,SELL,815,408.98
2024-07-02 13:34:24,MSFT,SELL,171,343.6
2024-07-02 13:35:04,NFLX,SELL,215,443.06
2024-07-02 13:35:07,AAPL,BUY,513,192.65
2024-07-02 13:35:42,NFLX,BUY,584,464.83
2024-07-02 13:36:35,AMZN,BUY,977,136.38
2024-07-02 13:38:19,NVDA,SELL,743,408.83
2024-07-02 13:39:33,AAPL,SELL,776,220.19240588168316
2024-07-02 13:40:47,AAPL,BUY,304,189.46
2024-07-02 13:40:50,TSLA,BUY,555,248.6
2024-07-02 13:40:54,AMZN,SELL,386,132.72
2024-07-02 13:42:40,META,BUY,626,289.05
2024-07-02 13:43:53,META,SELL,936,300.86
2024-07-02 13:44:15,AAPL,SELL,540,186.37
2024-07-02 13:44:25,MSFT,SELL,604,349.88
2024-07-02 13:46:36,NVDA,SELL,254,420.64
2024-07-02 13:46:45,NFLX,SELL,136,456.18
2024-07-02 13:47:38,META,BUY,92,304.06
2024-07-02 13:49:13,NFLX,SELL,731,451.68
2024-07-02 13:50:08,NVDA,BUY,972,441.66
2024-07-02 13:50:38,META,SELL,137,289.73
2024-07-02 13:50:47,TSLA,SELL,381,245.54
2024-07-02 13:50:50,AMZN,BUY,22,132.71
2024-07-02 13:54:19,MSFT,SELL,645,338.76
2024-07-02 13:54:32,AMZN,SELL,670,130.56
2024-07-02 13:55:25,GOOG,BUY,67,132.29
2024-07-02 13:55:49,NFLX,SELL,595,448.58
2024-07-02 13:56:02,AMZN,BUY,739,134.98
2024-07-02 13:56:10,META,BUY,104,296.32
2024-07-02 13:56:58,META,SELL,799,300.04
2024-07-02 13:57:54,NVDA,BUY,411,423.2
2024-07-02 13:58:12,GOOG,BUY,834,135.62
2024-07-02 13:58:51,NFLX,SELL,899,459.82
2024-07-02 13:59:21,NVDA,BUY,548,419.65
2024-07-02 13:59:51,NVDA,BUY,431,413.02
2024-07-02 14:00:03,AMZN,SELL,565,135.73
2024-07-02 14:00:08,AMZN,BUY,515,135.65
2024-07-02 14:00:31,TSLA,SELL,959,248.04
2024-07-02 14:00:57,AAPL,SELL,477,189.66
2024-07-02 14:01:52,TSLA,SELL,417,242.98
2024-07-02 14:01:53,NVDA,SELL,792,408.19
2024-07-02 14:02:08,AMZN,BUY,181,130.85
2024-07-02 14:02:33,AMZN,BUY,621,137.97
2024-07-02 14:02:33,NVDA,SELL,966,420.13
2024-07-02 14:02:41,MSFT,SELL,749,352.65
2024-07-02 14:02:47,NVDA,SELL,445,419.12
2024-07-02 14:04:03,AMZN,BUY,447,139.05
2024-07-02 14:05:09,NFLX,SELL,318,454.29
2024-07-02 14:06:14,AAPL,SELL,822,196.12
2024-07-02 14:07:58,TSLA,SELL,66,253.46
2024-07-02 14:08:20,AAPL,BUY,67,192.91
2024-07-02 14:09:52,AAPL,BUY,475,188.82
2024-07-02 14:10:45,MSFT,BUY,902,341.67
2024-07-02 14:13:37,AMZN,BUY,43,134.39
2024-07-02 14:14:04,AAPL,SELL,724,191.49
2024-07-02 14:14:23,NFLX,SELL,30,455.94
2024-07-02 14:16:53,NFLX,BUY,974,440.94
2024-07-02 14:17:12,AMZN,SELL,75,135.6
2024-07-02 14:17:25,TSLA,SELL,18,247.37
2024-07-02 14:17:30,AMZN,SELL,75,136.96
2024-07-02 14:18:02,NFLX,SELL,537,469.08
2024-07-02 14:19:10,AMZN,SELL,461,133.37
2024-07-02 14:20:48,GOOG,SELL,117,131.3
2024-07-02 14:20:55,NVDA,SELL,310,426.98
2024-07-02 14:22:25,NVDA,BUY,729,423.4
2024-07-02 14:23:26,NFLX,BUY,961,451.27
2024-07-02 14:24:16,META,SELL,372,292.57
2024-07-02 14:25:15,MSFT,SELL,790,337.64
2024-07-02 14:25:48,AAPL,BUY,462,192.98
2024-07-02 14:27:00,NVDA,BUY,632,412.67
2024-07-02 14:27:21,GOOG,SELL,554,134.57
2024-07-02 14:29:01,NFLX,BUY,266,462.94
2024-07-02 14:29:05,AMZN,SELL,502,133.74
2024-07-02 14:29:07,AMZN,SELL,163,130.73
2024-07-02 14:30:51,NFLX,SELL,618,453.94
2024-07-02 14:30:57,NVDA,SELL,612,421.19
2024-07-02 14:31:08,NFLX,BUY,172,461.83
2024-07-02 14:32:28,TSLA,BUY,58,253.96
2024-07-02 14:34:00,AMZN,BUY,140,135.49
2024-07-02 14:35:46,TSLA,BUY,930,242.84
2024-07-02 14:36:35,TSLA,SELL,27,251.6
2024-07-02 14:36:50,GOOG,SELL,479,132.59
2024-07-02 14:36:52,NFLX,SELL,358,417.2
2024-07-02 14:37:34,MSFT,SELL,786,344.87
2024-07-02 14:38:46,NVDA,BUY,289,417.39
2024-07-02 14:38:51,NVDA,SELL,473,415.4
2024-07-02 14:39:06,MSFT,BUY,566,350.68
2024-07-02 14:41:48,GOOG,BUY,560,128.51
2024-07-02 14:42:48,NVDA,BUY,425,410.89
2024-07-02 14:43:11,TSLA,SELL,459,245.3
2024-07-02 14:45:25,AMZN,SELL,630,137.01
2024-07-02 14:45:32,MSFT,SELL,612,331.63
2024-07-02 14:45:56,NVDA,BUY,72,407.82
2024-07-02 14:46:26,MSFT,SELL,606,329.22
2024-07-02 14:46:42,NFLX,SELL,53,445.21
2024-07-02 14:47:02,TSLA,BUY,453,257.47
2024-07-02 14:47:19,NVDA,BUY,634,418.39
2024-07-02 14:47:31,AAPL,SELL,856,186.12
2024-07-02 14:47:32,GOOG,BUY,168,132.56
2024-07-02 14:48:31,AMZN,BUY,514,136.64
2024-07-02 14:48:43,AMZN,BUY,839,136.2
2024-07-02 14:49:15,MSFT,BUY,115,339.19
2024-07-02 14:50:50,NFLX,BUY,433,459.15
2024-07-02 14:51:07,META,SELL,825,292.88
2024-07-02 14:53:04,GOOG,BUY,54,131.73
2024-07-02 14:53:17,NFLX,BUY,682,467.82
2024-07-02 14:54:52,MSFT,SELL,394,346.99
2024-07-02 14:55:11,AAPL,BUY,84,191.83
2024-07-02 14:56:15,TSLA,SELL,886,250.16
2024-07-02 14:56:38,AMZN,BUY,390,134.1
2024-07-02 14:57:11,META,SELL,220,297.68
2024-07-02 14:58:07,META,SELL,234,223.1697069670388
2024-07-02 14:58:39,GOOG,BUY,172,132.27
2024-07-02 14:59:30,NVDA,SELL,15,405.85
2024-07-02 14:59:31,NVDA,SELL,607,419.12
2024-07-02 15:00:02,NFLX,SELL,998,453.71
2024-07-02 15:01:27,NFLX,SELL,919,441.07
2024-07-02 15:02:25,GOOG,SELL,325,131.72
2024-07-02 15:02:56,META,SELL,2094,305.01
2024-07-02 15:04:13,GOOG,BUY,627,130.53
2024-07-02 15:05:12,TSLA,BUY,83,242.99
2024-07-02 15:06:18,TSLA,BUY,652,259.02
2024-07-02 15:06:58,TSLA,BUY,939,252.4
2024-07-02 15:07:05,AMZN,SELL,842,135.83
2024-07-02 15:09:03,AAPL,SELL,650,187.79
2024-07-02 15:09:15,MSFT,BUY,679,329.06
2024-07-02 15:09:40,TSLA,BUY,971,248.79
2024-07-02 15:10:07,NFLX,SELL,620,469.73
2024-07-02 15:13:44,MSFT,SELL,577,330.66
2024-07-02 15:13:53,MSFT,BUY,646,325.45
2024-07-02 15:15:11,AAPL,SELL,84,189.6
2024-07-02 15:15:53,AAPL,SELL,507,187.99
2024-07-02 15:16:16,TSLA,SELL,449,253.89
2024-07-02 15:17:15,AMZN,SELL,652,138.57
2024-07-02 15:18:07,META,BUY,939,293.71
2024-07-02 15:20:07,AAPL,SELL,587,197.8
2024-07-02 15:20:54,META,BUY,601,294.89
2024-07-02 15:21:25,AMZN,BUY,731,132.27
2024-07-02 15:21:25,META,SELL,743,294.68
2024-07-02 15:22:08,GOOG,BUY,764,129.75
2024-07-02 15:22:23,TSLA,SELL,527,254.45
2024-07-02 15:23:26,META,BUY,603,311.28
2024-07-02 15:23:55,AMZN,SELL,540,127.87
2024-07-02 15:24:08,META,SELL,52,291.27
2024-07-02 15:25:58,AAPL,BUY,726,184.63
2024-07-02 15:26:06,AMZN,BUY,967,134.77
2024-07-02 15:28:13,NFLX,SELL,217,458.6
2024-07-02 15:28:38,GOOG,BUY,171,125.71
2024-07-02 15:28:53,META,SELL,328,297.7
2024-07-02 15:29:02,TSLA,BUY,255,244.06
2024-07-02 15:29:50,MSFT,BUY,522,328.1
2024-07-02 15:31:42,AAPL,SELL,493,186.34
2024-07-02 15:32:53,NFLX,BUY,80,442.18
2024-07-02 15:35:51,MSFT,SELL,73,329.4
2024-07-02 15:35:59,AMZN,SELL,450,130.95
2024-07-02 15:38:49,META,BUY,396,294.91
2024-07-02 15:39:59,MSFT,SELL,207,346.88
2024-07-02 15:40:32,META,SELL,283,294.59
2024-07-02 15:41:25,MSFT,SELL,474,339.03
2024-07-02 15:41:33,NFLX,BUY,822,460.01
2024-07-02 15:41:38,NFLX,SELL,780,452.49
2024-07-02 15:43:22,NVDA,BUY,280,350.7865385113562
2024-07-02 15:43:36,AMZN,BUY,416,133.06
2024-07-02 15:44:25,AMZN,SELL,905,137.53
2024-07-02 15:44:32,TSLA,SELL,698,254.09
2024-07-02 15:44:38,MSFT,SELL,817,347.21
2024-07-02 15:44:49,NFLX,SELL,24,450.18
2024-07-02 15:47:03,GOOG,SELL,459,133.09
2024-07-02 15:48:34,NFLX,BUY,151,435.4
2024-07-02 15:51:40,NFLX,BUY,651,451.88
2024-07-02 15:51:47,NFLX,BUY,652,457.87
2024-07-02 15:52:17,META,SELL,923,302.31
2024-07-02 15:53:08,NVDA,SELL,187,415.86
2024-07-02 15:53:17,AMZN,BUY,751,131.85
2024-07-02 15:53:33,TSLA,SELL,309,252.82
2024-07-02 15:53:53,TSLA,BUY,984,248.89
2024-07-02 15:53:54,MSFT,SELL,696,352.71
2024-07-02 15:54:07,NFLX,BUY,582,439.97
2024-07-02 15:55:02,NFLX,BUY,538,450.06
2024-07-02 15:55:38,AMZN,BUY,23,136.51
2024-07-02 15:55:43,TSLA,SELL,558,250.04
2024-07-02 15:56:19,AMZN,SELL,80,134.1
2024-07-02 15:57:14,NFLX,SELL,816,449.99
2024-07-02 15:57:37,AMZN,SELL,283,135.37
2024-07-02 15:57:54,AMZN,BUY,363,131.01
2024-07-02 15:59:45,TSLA,BUY,90,247.25
2024-07-03 09:30:16,META,SELL,719,295.45
2024-07-03 09:31:20,AMZN,SELL,509,134.38
2024-07-03 09:31:20,META,BUY,279,294.44
2024-07-03 09:31:53,MSFT,SELL,72,345.4
2024-07-03 09:33:38,NFLX,SELL,2324,430.8
2024-07-03 09:33:46,NFLX,SELL,407,457.13
2024-07-03 09:34:37,META,SELL,945,294.28
2024-07-03 09:38:00,NFLX,SELL,516,455.04
2024-07-03 09:38:18,NFLX,BUY,233,448.08
2024-07-03 09:39:03,AMZN,SELL,447,135.86
2024-07-03 09:40:00,MSFT,BUY,635,339.87
2024-07-03 09:40:02,NVDA,SELL,246,423.93
2024-07-03 09:40:06,MSFT,SELL,231,341.97
2024-07-03 09:40:17,GOOG,BUY,160,131.6
2024-07-03 09:41:23,NVDA,BUY,987,411.74
2024-07-03 09:41:23,AMZN,SELL,777,133.75
2024-07-03 09:43:22,NFLX,SELL,931,454.86
2024-07-03 09:43:27,NFLX,SELL,175,451.17
2024-07-03 09:45:24,MSFT,BUY,279,343.28
2024-07-03 09:45:50,TSLA,SELL,633,246.93
2024-07-03 09:46:56,META,BUY,485,300.49
2024-07-03 09:48:30,MSFT,BUY,987,336.33
2024-07-03 09:49:03,GOOG,BUY,942,126.25
2024-07-03 09:49:06,AMZN,BUY,957,129.17
2024-07-03 09:52:27,NVDA,SELL,291,427.54
2024-07-03 09:54:23,MSFT,SELL,172,332.01
2024-07-03 09:54:30,TSLA,SELL,95,250.53
2024-07-03 09:54:51,GOOG,SELL,241,132.89
2024-07-03 09:55:00,GOOG,SELL,452,128.91
2024-07-03 09:55:38,MSFT,BUY,176,346.27
2024-07-03 09:56:04,AMZN,SELL,504,133.84
2024-07-03 09:57:25,META,BUY,298,296.67
2024-07-03 09:58:19,MSFT,SELL,875,335.88
2024-07-03 09:58:48,META,BUY,620,303.65
2024-07-03 09:58:57,NVDA,BUY,428,410.63
2024-07-03 10:01:12,GOOG,SELL,899,128.59
2024-07-03 10:03:02,TSLA,SELL,164,245.68
2024-07-03 10:03:10,AMZN,SELL,101,133.54
2024-07-03 10:03:57,GOOG,BUY,356,130.58
2024-07-03 10:04:08,AAPL,BUY,108,193.43
2024-07-03 10:04:31,NVDA,SELL,817,436.1
2024-07-03 10:07:08,MSFT,SELL,663,332.7
2024-07-03 10:07:22,NVDA,BUY,990,406.83
2024-07-03 10:07:27,MSFT,SELL,745,343.98
2024-07-03 10:07:40,NVDA,BUY,423,421.06
2024-07-03 10:08:50,META,SELL,166,307.08
2024-07-03 10:10:19,TSLA,SELL,908,252.82
2024-07-03 10:11:03,NFLX,BUY,532,469.62
2024-07-03 10:11:19,AAPL,SELL,481,185.27
2024-07-03 10:12:56,GOOG,BUY,114,133.08
2024-07-03 10:13:21,NFLX,BUY,606,459.47
2024-07-03 10:14:02,GOOG,SELL,266,130.38
2024-07-03 10:14:10,NVDA,SELL,994,417.43
2024-07-03 10:14:23,MSFT,SELL,298,344.64
2024-07-03 10:14:29,TSLA,SELL,85,247.0
2024-07-03 10:14:34,TSLA,SELL,317,247.67
2024-07-03 10:15:21,TSLA,SELL,199,251.41
2024-07-03 10:15:32,META,BUY,768,294.45
2024-07-03 10:16:15,NVDA,BUY,967,407.93
2024-07-03 10:16:24,MSFT,BUY,697,323.96
2024-07-03 10:17:50,AMZN,SELL,336,135.18
2024-07-03 10:18:15,META,SELL,505,297.87
2024-07-03 10:19:15,NFLX,BUY,906,464.96
2024-07-03 10:19:30,AAPL,SELL,523,191.18
2024-07-03 10:19:52,NVDA,BUY,707,419.44
2024-07-03 10:20:03,MSFT,SELL,786,337.62
2024-07-03 10:20:51,TSLA,SELL,80,244.69
2024-07-03 10:21:06,NFLX,SELL,238,444.4
2024-07-03 10:21:09,NFLX,BUY,772,440.26
2024-07-03 10:22:19,TSLA,BUY,996,251.14
2024-07-03 10:23:16,NVDA,BUY,698,415.62
2024-07-03 10:23:48,NFLX,BUY,864,458.39
2024-07-03 10:24:39,NFLX,SELL,392,444.87
2024-07-03 10:24:59,NVDA,SELL,108,416.03
2024-07-03 10:25:03,NFLX,BUY,847,472.95
2024-07-03 10:25:12,TSLA,BUY,283,248.28
2024-07-03 10:25:39,TSLA,SELL,363,250.94
2024-07-03 10:26:23,TSLA,SELL,689,252.12
2024-07-03 10:27:01,META,BUY,916,301.3
2024-07-03 10:27:45,NFLX,BUY,251,451.81
2024-07-03 10:27:57,NVDA,BUY,735,427.07
2024-07-03 10:29:01,AAPL,BUY,314,185.65
2024-07-03 10:30:09,NFLX,BUY,256,463.29
2024-07-03 10:30:13,AAPL,BUY,751,183.11
2024-07-03 10:30:31,MSFT,BUY,59,340.14
2024-07-03 10:30:35,TSLA,BUY,250,254.07
2024-07-03 10:31:43,GOOG,SELL,422,132.46
2024-07-03 10:32:14,NVDA,SELL,767,423.02
2024-07-03 10:33:47,AMZN,SELL,415,134.03
2024-07-03 10:34:33,GOOG,BUY,513,127.69
2024-07-03 10:35:53,NFLX,SELL,62,441.78
2024-07-03 10:36:05,TSLA,BUY,452,248.26
2024-07-03 10:37:27,AMZN,SELL,790,134.07
2024-07-03 10:38:31,MSFT,SELL,964,345.84
2024-07-03 10:39:26,NVDA,SELL,529,457.9752589424851
2024-07-03 10:39:48,NFLX,SELL,407,454.81
2024-07-03 10:40:13,MSFT,BUY,871,344.76
2024-07-03 10:40:29,AMZN,BUY,254,138.45
2024-07-03 10:40:46,NVDA,BUY,709,419.63
2024-07-03 10:40:50,AAPL,SELL,181,195.15677918849698
2024-07-03 10:41:08,AMZN,BUY,698,137.04
2024-07-03 10:41:23,AAPL,BUY,155,196.93
2024-07-03 10:41:26,META,BUY,950,305.65
2024-07-03 10:42:10,NFLX,BUY,270,462.06
2024-07-03 10:43:56,NFLX,SELL,665,444.28
2024-07-03 10:47:02,MSFT,SELL,49,336.19
2024-07-03 10:47:26,AAPL,SELL,952,186.33
2024-07-03 10:47:37,TSLA,BUY,180,251.4
2024-07-03 10:47:54,AAPL,SELL,417,189.26
2024-07-03 10:48:10,TSLA,SELL,238,247.05
2024-07-03 10:50:25,NVDA,BUY,404,422.4
2024-07-03 10:50:32,GOOG,SELL,783,131.09
2024-07-03 10:50:43,TSLA,SELL,653,248.25
2024-07-03 10:50:50,META,BUY,92,305.93
2024-07-03 10:50:58,AAPL,SELL,309,187.48
2024-07-03 10:52:06,MSFT,BUY,757,342.21
2024-07-03 10:53:13,AMZN,BUY,728,132.21
2024-07-03 10:53:15,META,BUY,942,296.0
2024-07-03 10:53:17,GOOG,SELL,508,132.54
2024-07-03 10:53:55,TSLA,SELL,593,248.89
2024-07-03 10:54:08,NVDA,SELL,416,429.43
2024-07-03 10:54:33,NFLX,BUY,706,454.11
2024-07-03 10:55:53,NVDA,SELL,151,414.41
2024-07-03 10:56:08,AMZN,SELL,446,132.23
2024-07-03 10:57:14,NVDA,BUY,34,413.17
2024-07-03 10:58:50,AMZN,SELL,618,135.62
2024-07-03 10:59:21,AMZN,BUY,266,134.66
2024-07-03 11:00:47,GOOG,BUY,101,128.09
2024-07-03 11:02:32,MSFT,BUY,480,343.92
2024-07-03 11:03:12,TSLA,BUY,121,247.49
2024-07-03 11:03:42,AAPL,SELL,730,191.77
2024-07-03 11:04:04,AAPL,BUY,438,188.34
2024-07-03 11:05:26,MSFT,BUY,223,353.26
2024-07-03 11:06:12,AMZN,BUY,420,139.07
2024-07-03 11:06:20,META,BUY,965,297.32
2024-07-03 11:06:39,AAPL,BUY,226,184.78
2024-07-03 11:07:32,MSFT,BUY,411,325.23
2024-07-03 11:08:29,NVDA,BUY,690,425.47
2024-07-03 11:08:39,NFLX,SELL,716,459.49
2024-07-03 11:09:28,MSFT,SELL,90,344.68
2024-07-03 11:09:30,AAPL,SELL,964,193.01
2024-07-03 11:09:34,GOOG,BUY,273,128.3
2024-07-03 11:09:44,AMZN,BUY,496,138.87
2024-07-03 11:09:55,GOOG,SELL,705,128.36
2024-07-03 11:10:56,GOOG,SELL,641,129.62
2024-07-03 11:12:26,GOOG,BUY,940,128.43
2024-07-03 11:13:57,AMZN,SELL,414,131.86
2024-07-03 11:14:26,AMZN,BUY,539,131.61
2024-07-03 11:14:49,MSFT,SELL,283,345.09
2024-07-03 11:15:06,MSFT,SELL,391,337.38
2024-07-03 11:15:09,NVDA,SELL,575,399.4
2024-07-03 11:15:24,TSLA,SELL,513,252.25
2024-07-03 11:17:47,GOOG,SELL,482,131.54
2024-07-03 11:17:57,AMZN,SELL,959,131.29
2024-07-03 11:18:30,GOOG,SELL,487,132.79
2024-07-03 11:18:59,AMZN,BUY,607,138.22
2024-07-03 11:19:07,GOOG,SELL,285,131.94
2024-07-03 11:20:07,AMZN,SELL,963,138.0
2024-07-03 11:20:12,NVDA,BUY,712,426.0
2024-07-03 11:20:48,META,BUY,128,301.8
2024-07-03 11:21:02,AAPL,SELL,593,182.37
2024-07-03 11:21:10,GOOG,BUY,345,127.94
2024-07-03 11:21:36,NVDA,SELL,373,420.65
2024-07-03 11:23:13,TSLA,BUY,945,243.66
2024-07-03 11:24:18,AAPL,BUY,864,193.97
2024-07-03 11:24:28,META,SELL,801,297.13
2024-07-03 11:24:49,TSLA,BUY,826,257.6
2024-07-03 11:25:11,MSFT,BUY,999,337.23
2024-07-03 11:25:30,MSFT,BUY,152,338.61
2024-07-03 11:25:44,META,SELL,241,297.36
2024-07-03 11:25:58,NFLX,BUY,731,450.15
2024-07-03 11:26:08,GOOG,SELL,461,129.29
2024-07-03 11:27:17,TSLA,BUY,314,246.64
2024-07-03 11:27:26,META,SELL,292,297.56
2024-07-03 11:30:49,META,BUY,84,294.39
2024-07-03 11:31:12,META,BUY,553,299.95
2024-07-03 11:32:01,NFLX,BUY,50,451.88
2024-07-03 11:32:50,TSLA,SELL,673,255.12
2024-07-03 11:33:51,AAPL,SELL,298,191.03
2024-07-03 11:35:21,AAPL,BUY,975,190.41
2024-07-03 11:35:34,GOOG,SELL,784,128.94
2024-07-03 11:35:58,MSFT,SELL,290,347.94
2024-07-03 11:36:23,TSLA,SELL,733,261.26
2024-07-03 11:36:24,AMZN,BUY,194,131.8
2024-07-03 11:37:18,GOOG,BUY,544,127.52
2024-07-03 11:39:06,MSFT,BUY,39,333.59
2024-07-03 11:40:21,NFLX,SELL,593,460.11
2024-07-03 11:40:54,NVDA,BUY,490,419.59
2024-07-03 11:42:06,NFLX,SELL,218,459.71
2024-07-03 11:42:17,MSFT,SELL,967,334.22
2024-07-03 11:43:12,NFLX,SELL,996,433.32
2024-07-03 11:43:45,AAPL,SELL,958,191.84
2024-07-03 11:43:53,AAPL,SELL,686,190.21
2024-07-03 11:44:02,MSFT,SELL,960,350.76
2024-07-03 11:44:48,META,BUY,560,297.4
2024-07-03 11:45:11,TSLA,SELL,561,253.6
2024-07-03 11:47:06,NVDA,SELL,967,418.01
2024-07-03 11:47:40,META,SELL,11,304.82
2024-07-03 11:47:56,AMZN,SELL,421,134.4
2024-07-03 11:48:33,META,SELL,92,304.72
2024-07-03 11:49:12,AAPL,BUY,277,186.72
2024-07-03 11:49:48,MSFT,BUY,163,331.23
2024-07-03 11:50:01,AAPL,BUY,876,193.42
2024-07-03 11:50:16,TSLA,BUY,246,251.65
2024-07-03 11:51:07,AMZN,BUY,922,134.61
2024-07-03 11:51:46,AAPL,BUY,327,187.47
2024-07-03 11:52:11,TSLA,SELL,28,257.33
2024-07-03 11:52:40,AMZN,SELL,922,135.37
2024-07-03 11:52:44,META,SELL,450,301.04
2024-07-03 11:53:18,TSLA,SELL,683,247.16
2024-07-03 11:55:15,GOOG,SELL,721,127.65
2024-07-03 11:55:18,AMZN,BUY,123,131.31
2024-07-03 11:55:31,GOOG,BUY,860,133.44
2024-07-03 11:56:17,GOOG,SELL,921,133.91
2024-07-03 11:56:38,TSLA,BUY,475,166.39139255349355
2024-07-03 11:57:31,GOOG,SELL,827,127.72
2024-07-03 11:57:42,GOOG,BUY,23,132.19
2024-07-03 11:57:47,AAPL,SELL,119,186.06
2024-07-03 11:59:34,MSFT,BUY,882,339.26
2024-07-03 12:01:36,MSFT,SELL,479,354.08
2024-07-03 12:01:59,META,BUY,155,299.49
2024-07-03 12:02:15,MSFT,SELL,703,337.96
2024-07-03 12:03:00,MSFT,BUY,418,334.05
2024-07-03 12:04:24,TSLA,BUY,307,253.27
2024-07-03 12:05:53,META,BUY,213,296.33
2024-07-03 12:06:38,META,BUY,557,304.43
2024-07-03 12:07:17,MSFT,SELL,742,340.42
2024-07-03 12:08:02,META,BUY,577,303.01
2024-07-03 12:09:29,NVDA,BUY,831,404.48
2024-07-03 12:09:53,NVDA,BUY,661,435.8
2024-07-03 12:10:04,META,SELL,705,295.28
2024-07-03 12:10:34,TSLA,SELL,971,251.73
2024-07-03 12:12:07,TSLA,BUY,462,254.64
2024-07-03 12:12:31,TSLA,BUY,488,251.74
2024-07-03 12:12:36,AMZN,BUY,752,136.95
2024-07-03 12:12:57,AAPL,BUY,744,187.64
2024-07-03 12:14:19,NFLX,SELL,534,451.55
2024-07-03 12:15:45,META,SELL,809,280.58
2024-07-03 12:17:59,GOOG,SELL,485,130.58
2024-07-03 12:18:53,AMZN,SELL,666,137.84
2024-07-03 12:18:58,GOOG,BUY,465,126.21
2024-07-03 12:19:03,MSFT,SELL,923,356.5
2024-07-03 12:22:40,NVDA,SELL,718,431.0
2024-07-03 12:22:42,TSLA,SELL,426,243.51
2024-07-03 12:23:36,AAPL,SELL,773,198.84
2024-07-03 12:24:37,AMZN,SELL,743,140.71
2024-07-03 12:25:47,MSFT,SELL,401,338.82
2024-07-03 12:29:19,NFLX,BUY,332,433.07
2024-07-03 12:30:13,TSLA,SELL,275,241.65
2024-07-03 12:30:23,MSFT,BUY,426,333.32
2024-07-03 12:30:40,AMZN,SELL,3312,137.9
2024-07-03 12:30:53,META,SELL,706,297.92
2024-07-03 12:30:56,MSFT,SELL,506,334.78
2024-07-03 12:31:47,TSLA,BUY,578,254.12
2024-07-03 12:33:10,NFLX,SELL,425,439.59
2024-07-03 12:33:31,NFLX,BUY,626,442.41
2024-07-03 12:34:24,AMZN,BUY,102,137.74
2024-07-03 12:37:29,MSFT,BUY,711,338.24
2024-07-03 12:38:26,MSFT,SELL,560,338.96
2024-07-03 12:38:33,META,BUY,921,304.86
2024-07-03 12:39:07,AAPL,SELL,95,197.8
2024-07-03 12:40:02,TSLA,SELL,902,249.11
2024-07-03 12:40:10,META,BUY,918,307.3
2024-07-03 12:40:15,NVDA,BUY,723,418.77
2024-07-03 12:40:24,AAPL,BUY,258,190.92
2024-07-03 12:41:30,META,SELL,252,295.59
2024-07-03 12:42:22,AAPL,BUY,447,185.2
2024-07-03 12:42:44,NFLX,BUY,115,447.3
2024-07-03 12:43:20,META,BUY,39,304.93
2024-07-03 12:43:41,NVDA,SELL,122,424.63
2024-07-03 12:44:06,AAPL,SELL,326,189.81
2024-07-03 12:44:50,NVDA,BUY,66,421.07
2024-07-03 12:49:12,NFLX,SELL,726,455.88
2024-07-03 12:49:20,NVDA,SELL,205,410.71
2024-07-03 12:49:46,GOOG,SELL,310,126.2
2024-07-03 12:50:15,MSFT,SELL,790,344.0
2024-07-03 12:50:24,META,SELL,122,299.49
2024-07-03 12:52:28,GOOG,BUY,648,128.24
2024-07-03 12:53:42,GOOG,BUY,745,130.28
2024-07-03 12:54:40,GOOG,SELL,848,127.69
2024-07-03 12:56:36,GOOG,SELL,257,128.83
2024-07-03 12:59:15,NVDA,BUY,544,422.94
2024-07-03 12:59:40,GOOG,SELL,717,129.64
2024-07-03 13:02:05,AMZN,SELL,598,130.56
2024-07-03 13:03:50,MSFT,SELL,528,354.78
2024-07-03 13:04:46,AMZN,SELL,92,139.1
2024-07-03 13:04:55,GOOG,BUY,62,128.8
2024-07-03 13:05:56,NFLX,SELL,738,435.68
2024-07-03 13:06:36,GOOG,SELL,295,133.62
2024-07-03 13:06:58,AAPL,BUY,148,189.65
2024-07-03 13:07:44,META,SELL,219,307.5
2024-07-03 13:07:52,GOOG,SELL,983,129.55
2024-07-03 13:08:32,AAPL,BUY,775,190.5
2024-07-03 13:11:29,AMZN,BUY,612,137.52
2024-07-03 13:11:38,MSFT,BUY,550,344.49
2024-07-03 13:12:21,MSFT,BUY,40,332.92
2024-07-03 13:13:51,TSLA,BUY,848,249.47
2024-07-03 13:14:20,GOOG,SELL,637,130.34
2024-07-03 13:16:06,AAPL,SELL,133,187.5
2024-07-03 13:17:44,MSFT,BUY,513,347.28
2024-07-03 13:17:57,AAPL,BUY,893,188.04
2024-07-03 13:19:00,MSFT,SELL,115,338.32
2024-07-03 13:19:03,GOOG,BUY,125,128.19
2024-07-03 13:20:49,MSFT,SELL,744,337.71
2024-07-03 13:21:22,NVDA,SELL,735,431.95
2024-07-03 13:22:18,NFLX,SELL,708,443.46
2024-07-03 13:25:01,META,BUY,902,301.89
2024-07-03 13:26:02,TSLA,SELL,780,252.35
2024-07-03 13:26:51,MSFT,BUY,201,344.99
2024-07-03 13:27:06,TSLA,SELL,304,252.26
2024-07-03 13:27:09,NVDA,BUY,919,416.89
2024-07-03 13:27:32,AAPL,SELL,935,183.25
2024-07-03 13:28:03,TSLA,BUY,971,261.29
2024-07-03 13:28:58,GOOG,BUY,907,129.97
2024-07-03 13:29:28,AMZN,BUY,614,137.7
2024-07-03 13:32:02,MSFT,SELL,985,346.58
2024-07-03 13:32:35,TSLA,SELL,428,261.85
2024-07-03 13:33:31,NVDA,SELL,269,416.18
2024-07-03 13:35:05,NFLX,BUY,513,447.62
2024-07-03 13:35:45,GOOG,SELL,232,131.67
2024-07-03 13:36:06,GOOG,BUY,564,129.72
2024-07-03 13:36:24,AMZN,BUY,510,134.7
2024-07-03 13:36:51,MSFT,BUY,190,346.07
2024-07-03 13:37:03,MSFT,SELL,677,339.75
2024-07-03 13:37:50,NVDA,SELL,293,431.36
2024-07-03 13:38:10,AMZN,SELL,224,140.35
2024-07-03 13:38:11,META,SELL,340,303.62
2024-07-03 13:38:47,TSLA,SELL,198,246.61
2024-07-03 13:38:52,MSFT,SELL,434,347.69
2024-07-03 13:39:17,AMZN,BUY,793,138.21
2024-07-03 13:39:43,TSLA,SELL,387,251.56
2024-07-03 13:41:25,NVDA,SELL,100,413.37
2024-07-03 13:42:00,MSFT,BUY,579,340.43
2024-07-03 13:43:42,NFLX,BUY,74,449.43
2024-07-03 13:44:39,AMZN,SELL,186,134.61
2024-07-03 13:45:49,AMZN,SELL,473,134.71
2024-07-03 13:46:03,NFLX,SELL,17,456.49
2024-07-03 13:46:23,GOOG,SELL,900,130.37
2024-07-03 13:46:25,META,BUY,251,300.21
2024-07-03 13:47:02,NVDA,SELL,467,428.49
2024-07-03 13:47:55,AAPL,SELL,652,190.89
2024-07-03 13:47:57,NVDA,BUY,701,412.47
2024-07-03 13:48:29,NVDA,SELL,639,414.28
2024-07-03 13:49:33,AAPL,BUY,328,193.26
2024-07-03 13:50:41,AMZN,SELL,851,136.57
2024-07-03 13:51:00,META,BUY,24,177.04021287037398
2024-07-03 13:51:02,GOOG,SELL,346,134.18
2024-07-03 13:51:39,MSFT,SELL,540,336.2
2024-07-03 13:53:44,TSLA,SELL,591,247.48
2024-07-03 13:53:48,META,BUY,861,295.56
2024-07-03 13:54:07,AMZN,BUY,365,194.18666772594992
2024-07-03 13:55:08,MSFT,BUY,498,342.11
2024-07-03 13:58:19,NVDA,SELL,871,428.63
2024-07-03 13:58:48,TSLA,BUY,45,241.94
2024-07-03 13:59:09,META,BUY,891,314.53
2024-07-03 13:59:25,NFLX,SELL,874,439.21
2024-07-03 14:01:06,TSLA,SELL,377,244.45
2024-07-03 14:01:45,TSLA,SELL,813,248.72
2024-07-03 14:02:24,META,SELL,409,304.39
2024-07-03 14:02:48,TSLA,SELL,600,254.01
2024-07-03 14:03:00,META,SELL,516,307.59
2024-07-03 14:04:11,NFLX,BUY,915,449.23
2024-07-03 14:04:26,MSFT,SELL,94,329.64
2024-07-03 14:04:49,AAPL,SELL,241,191.04
2024-07-03 14:05:24,MSFT,BUY,505,325.66
2024-07-03 14:06:51,AMZN,SELL,580,133.64
2024-07-03 14:06:51,META,BUY,868,304.5
2024-07-03 14:07:06,META,BUY,470,301.59
2024-07-03 14:07:57,AMZN,BUY,689,136.45
2024-07-03 14:08:20,GOOG,BUY,895,131.36
2024-07-03 14:10:45,MSFT,BUY,398,336.95
2024-07-03 14:11:05,AMZN,BUY,765,134.93
2024-07-03 14:13:26,NFLX,BUY,984,445.39
2024-07-03 14:14:20,AMZN,SELL,828,132.13
2024-07-03 14:14:45,MSFT,BUY,180,329.92
2024-07-03 14:15:17,MSFT,BUY,606,344.77
2024-07-03 14:16:37,MSFT,BUY,875,327.45
2024-07-03 14:16:40,GOOG,BUY,408,128.68
2024-07-03 14:17:46,NVDA,SELL,326,417.45
2024-07-03 14:19:42,NVDA,SELL,228,423.29
2024-07-03 14:20:35,AMZN,SELL,290,130.26
2024-07-03 14:22:36,MSFT,SELL,637,342.74
2024-07-03 14:22:58,TSLA,BUY,10,253.37
2024-07-03 14:23:25,META,SELL,932,288.37
2024-07-03 14:23:53,GOOG,SELL,88,132.61
2024-07-03 14:24:25,AAPL,BUY,490,183.51
2024-07-03 14:27:09,AAPL,BUY,247,189.03
2024-07-03 14:30:13,META,BUY,147,276.3498053285474
2024-07-03 14:31:12,NVDA,SELL,545,425.85
2024-07-03 14:32:15,NVDA,BUY,949,411.23
2024-07-03 14:32:54,AAPL,SELL,207,189.95
2024-07-03 14:32:57,TSLA,SELL,517,252.63
2024-07-03 14:34:11,NVDA,BUY,253,411.42
2024-07-03 14:35:32,AAPL,SELL,994,193.69
2024-07-03 14:36:03,META,BUY,830,305.09
2024-07-03 14:37:45,MSFT,BUY,510,339.93
2024-07-03 14:38:45,NVDA,BUY,44,412.75
2024-07-03 14:38:56,NFLX,SELL,409,449.78
2024-07-03 14:39:12,GOOG,BUY,247,129.47
2024-07-03 14:39:50,AAPL,SELL,264,195.91
2024-07-03 14:42:43,MSFT,SELL,176,337.71
2024-07-03 14:43:09,TSLA,BUY,861,249.44
2024-07-03 14:43:15,META,SELL,681,295.96
2024-07-03 14:43:38,AMZN,BUY,621,130.07
2024-07-03 14:44:16,GOOG,SELL,272,129.69
2024-07-03 14:44:31,MSFT,BUY,931,334.42
2024-07-03 14:44:37,AMZN,BUY,978,137.23
2024-07-03 14:44:45,TSLA,BUY,992,250.35
2024-07-03 14:45:59,MSFT,BUY,812,341.25
2024-07-03 14:46:30,MSFT,BUY,614,341.07
2024-07-03 14:47:58,NVDA,BUY,985,400.14
2024-07-03 14:48:08,AAPL,BUY,251,191.05
2024-07-03 14:48:31,MSFT,BUY,776,345.81
2024-07-03 14:49:17,AAPL,SELL,415,193.6
2024-07-03 14:50:46,META,SELL,651,296.62
2024-07-03 14:51:26,MSFT,SELL,261,341.67
2024-07-03 14:52:09,MSFT,SELL,489,339.08
2024-07-03 14:53:28,META,SELL,288,306.83
2024-07-03 14:53:52,AMZN,BUY,781,137.86
2024-07-03 14:54:54,AAPL,BUY,303,193.61
2024-07-03 14:56:15,GOOG,SELL,873,128.19
2024-07-03 14:56:15,TSLA,BUY,800,256.13
2024-07-03 14:57:12,NVDA,BUY,363,424.81
2024-07-03 14:57:47,GOOG,BUY,698,130.81
2024-07-03 14:58:14,GOOG,BUY,772,130.0
2024-07-03 14:58:48,MSFT,BUY,294,344.66
2024-07-03 14:59:33,AMZN,SELL,880,135.66
2024-07-03 15:00:08,AAPL,SELL,397,194.69
2024-07-03 15:00:42,TSLA,SELL,164,246.3
2024-07-03 15:00:43,META,BUY,773,306.88
2024-07-03 15:01:37,AMZN,SELL,525,133.9
2024-07-03 15:01:40,GOOG,BUY,828,127.85
2024-07-03 15:03:41,GOOG,BUY,826,133.64
2024-07-03 15:06:54,NFLX,BUY,888,462.32
2024-07-03 15:07:37,TSLA,BUY,570,256.64
2024-07-03 15:08:52,GOOG,SELL,736,113.63006719959708
2024-07-03 15:09:41,MSFT,BUY,890,342.9
2024-07-03 15:09:50,META,SELL,169,301.47
2024-07-03 15:10:53,AMZN,SELL,525,133.3
2024-07-03 15:11:30,GOOG,BUY,918,122.81
2024-07-03 15:13:43,NFLX,BUY,248,438.74
2024-07-03 15:13:51,MSFT,SELL,565,336.47
2024-07-03 15:14:57,GOOG,BUY,236,129.01
2024-07-03 15:15:29,AMZN,BUY,499,132.8
2024-07-03 15:16:14,GOOG,SELL,498,127.32
2024-07-03 15:17:21,NVDA,SELL,686,414.41
2024-07-03 15:17:33,GOOG,SELL,876,130.26
2024-07-03 15:17:34,NVDA,SELL,541,410.77
2024-07-03 15:18:46,TSLA,SELL,472,249.5
2024-07-03 15:19:30,AMZN,BUY,762,132.07
2024-07-03 15:19:44,GOOG,BUY,987,128.04
2024-07-03 15:20:34,NFLX,SELL,312,438.65
2024-07-03 15:21:25,META,BUY,735,303.25
2024-07-03 15:21:58,AMZN,SELL,960,141.16
2024-07-03 15:24:17,AMZN,BUY,525,131.33
2024-07-03 15:24:49,AMZN,SELL,417,132.11
2024-07-03 15:24:58,TSLA,BUY,954,257.53
2024-07-03 15:25:28,AMZN,BUY,166,140.64
2024-07-03 15:26:45,AMZN,BUY,784,136.54
2024-07-03 15:27:38,META,BUY,840,294.79
2024-07-03 15:28:23,GOOG,SELL,752,131.25
2024-07-03 15:28:24,AAPL,BUY,891,196.23
2024-07-03 15:29:18,GOOG,BUY,326,136.42
2024-07-03 15:31:00,GOOG,BUY,502,127.76
2024-07-03 15:33:03,NVDA,BUY,927,419.4
2024-07-03 15:33:12,NFLX,BUY,640,438.42
2024-07-03 15:36:34,AMZN,SELL,729,135.84
2024-07-03 15:36:56,AMZN,SELL,763,133.1
2024-07-03 15:37:40,GOOG,BUY,447,126.68
2024-07-03 15:38:04,NFLX,SELL,195,442.01
2024-07-03 15:38:05,NFLX,BUY,880,463.97
2024-07-03 15:38:40,NFLX,BUY,740,435.17
2024-07-03 15:38:56,MSFT,SELL,381,334.38
2024-07-03 15:39:48,NVDA,SELL,946,418.38
2024-07-03 15:41:19,AAPL,SELL,440,189.5
2024-07-03 15:42:20,NVDA,SELL,208,428.05
2024-07-03 15:42:57,META,BUY,260,299.47
2024-07-03 15:43:18,GOOG,SELL,889,128.91
2024-07-03 15:45:09,TSLA,SELL,256,252.83
2024-07-03 15:46:47,GOOG,SELL,744,127.11
2024-07-03 15:47:34,AAPL,BUY,324,188.68
2024-07-03 15:48:04,TSLA,SELL,42,252.37
2024-07-03 15:50:22,TSLA,BUY,390,256.77
2024-07-03 15:51:11,NVDA,BUY,17,423.79
2024-07-03 15:51:47,MSFT,BUY,96,337.62
2024-07-03 15:52:08,AAPL,BUY,22,184.07
2024-07-03 15:52:34,NFLX,BUY,486,456.37
2024-07-03 15:52:45,AMZN,BUY,701,134.23
2024-07-03 15:53:42,AMZN,SELL,206,137.04
2024-07-03 15:54:21,MSFT,BUY,747,333.71
2024-07-03 15:54:28,MSFT,SELL,484,334.09
2024-07-03 15:54:56,MSFT,BUY,976,339.08
2024-07-03 15:55:02,META,BUY,715,295.46
2024-07-03 15:55:56,NFLX,BUY,23,456.28
2024-07-03 15:56:02,NVDA,BUY,941,441.13
2024-07-03 15:57:10,GOOG,BUY,477,130.48
2024-07-03 15:57:28,TSLA,BUY,604,251.03
2024-07-03 15:57:39,NFLX,BUY,334,454.81
2024-07-03 15:58:10,GOOG,SELL,844,129.43
2024-07-03 15:58:42,AMZN,SELL,544,101.82266128022549
2024-07-04 09:30:36,TSLA,BUY,586,248.3
2024-07-04 09:30:38,AAPL,SELL,406,192.07
2024-07-04 09:31:28,NVDA,BUY,711,407.46
2024-07-04 09:32:27,META,BUY,851,308.67
2024-07-04 09:32:58,GOOG,BUY,767,132.79
2024-07-04 09:33:22,META,SELL,579,300.88
2024-07-04 09:35:21,TSLA,SELL,671,256.02
2024-07-04 09:35:29,GOOG,BUY,888,128.75
2024-07-04 09:35:41,TSLA,SELL,461,257.38
2024-07-04 09:35:42,AMZN,BUY,394,134.78
2024-07-04 09:35:55,AMZN,BUY,918,134.7
2024-07-04 09:37:05,GOOG,SELL,590,129.25
2024-07-04 09:40:00,MSFT,SELL,830,334.28
2024-07-04 09:40:48,AMZN,SELL,628,133.97
2024-07-04 09:41:33,NVDA,SELL,446,407.1
2024-07-04 09:42:46,TSLA,SELL,574,253.24
2024-07-04 09:43:26,META,SELL,959,298.15
2024-07-04 09:45:05,MSFT,BUY,346,342.67
2024-07-04 09:45:28,NVDA,SELL,302,410.79
2024-07-04 09:45:52,NVDA,SELL,276,414.82
2024-07-04 09:45:59,META,SELL,890,296.36
2024-07-04 09:46:18,NFLX,BUY,195,457.6
2024-07-04 09:47:15,MSFT,BUY,350,339.22
2024-07-04 09:47:54,NFLX,BUY,958,442.87
2024-07-04 09:48:17,NFLX,BUY,318,446.46
2024-07-04 09:49:47,AMZN,BUY,444,141.1161850495183
2024-07-04 09:51:31,MSFT,SELL,285,340.22
2024-07-04 09:51:45,META,SELL,129,232.99730586329335
2024-07-04 09:52:12,AAPL,BUY,192,198.63
2024-07-04 09:52:31,AMZN,BUY,39,137.68
2024-07-04 09:53:22,NFLX,BUY,539,452.06
2024-07-04 09:54:38,META,SELL,681,294.3
2024-07-04 09:55:49,TSLA,BUY,573,251.29
2024-07-04 09:56:08,GOOG,BUY,639,128.33
2024-07-04 09:57:57,AMZN,BUY,376,140.57
2024-07-04 09:59:18,TSLA,SELL,491,250.81
2024-07-04 09:59:47,AAPL,BUY,903,193.49
2024-07-04 10:00:24,MSFT,SELL,458,350.28
2024-07-04 10:00:47,META,BUY,852,298.37
2024-07-04 10:01:24,AAPL,BUY,862,188.79
2024-07-04 10:02:40,MSFT,BUY,232,348.59
2024-07-04 10:03:03,META,BUY,590,296.41
2024-07-04 10:03:03,NFLX,BUY,762,447.98
2024-07-04 10:04:57,AMZN,SELL,752,189.75551128911263
2024-07-04 10:05:21,NFLX,SELL,273,439.32
2024-07-04 10:05:52,AMZN,SELL,766,132.85
2024-07-04 10:05:55,TSLA,SELL,297,246.67
2024-07-04 10:06:13,NVDA,BUY,477,420.24
2024-07-04 10:07:40,META,SELL,227,293.66
2024-07-04 10:07:42,NVDA,BUY,729,402.84
2024-07-04 10:08:16,MSFT,SELL,491,333.34
2024-07-04 10:08:51,GOOG,BUY,834,189.2211989318947
2024-07-04 10:09:01,META,SELL,267,298.05
2024-07-04 10:09:13,AAPL,BUY,302,189.76
2024-07-04 10:09:44,AMZN,SELL,15,137.16
2024-07-04 10:11:50,AMZN,SELL,459,139.84
2024-07-04 10:12:16,MSFT,BUY,559,347.18
2024-07-04 10:12:16,MSFT,SELL,449,343.88
2024-07-04 10:13:01,META,BUY,914,296.51
2024-07-04 10:13:08,GOOG,SELL,160,134.23
2024-07-04 10:17:18,META,BUY,988,302.35
2024-07-04 10:17:37,AAPL,SELL,642,189.72
2024-07-04 10:17:55,AMZN,SELL,75,132.57
2024-07-04 10:21:35,AMZN,SELL,232,136.68
2024-07-04 10:21:52,AMZN,BUY,24,136.04
2024-07-04 10:23:43,AMZN,SELL,938,133.58
2024-07-04 10:25:08,AMZN,SELL,350,136.24
2024-07-04 10:25:59,AMZN,BUY,351,133.37
2024-07-04 10:27:41,AMZN,SELL,280,131.84
2024-07-04 10:28:00,NFLX,BUY,516,461.25
2024-07-04 10:28:14,TSLA,BUY,446,244.64
2024-07-04 10:28:36,TSLA,BUY,870,245.87
2024-07-04 10:28:38,META,BUY,473,304.45
2024-07-04 10:30:10,NFLX,BUY,43,448.73
2024-07-04 10:30:20,AAPL,BUY,109,195.63
2024-07-04 10:30:29,NFLX,SELL,849,461.35
2024-07-04 10:32:19,META,SELL,793,299.43
2024-07-04 10:33:11,AMZN,BUY,111,139.25
2024-07-04 10:33:48,NFLX,SELL,11,439.83
2024-07-04 10:33:56,AAPL,SELL,632,192.82
2024-07-04 10:34:42,TSLA,BUY,523,251.02
2024-07-04 10:34:51,NFLX,SELL,768,455.28
2024-07-04 10:37:35,AAPL,SELL,72,192.34
2024-07-04 10:37:46,AAPL,SELL,538,185.53
2024-07-04 10:39:26,GOOG,BUY,773,127.11
2024-07-04 10:40:23,AAPL,SELL,231,192.79
2024-07-04 10:41:05,NVDA,SELL,78,406.27
2024-07-04 10:41:12,AMZN,BUY,685,135.73
2024-07-04 10:41:26,NFLX,SELL,224,439.78
2024-07-04 10:41:46,MSFT,BUY,989,340.07
2024-07-04 10:43:16,TSLA,SELL,832,248.5
2024-07-04 10:43:54,MSFT,SELL,117,335.34
2024-07-04 10:44:20,AMZN,SELL,911,132.21
2024-07-04 10:44:23,AMZN,SELL,853,137.47
2024-07-04 10:46:11,MSFT,SELL,270,335.82
2024-07-04 10:46:35,NVDA,SELL,358,414.26
2024-07-04 10:49:42,TSLA,SELL,709,254.55
2024-07-04 10:50:27,AAPL,BUY,509,190.05
2024-07-04 10:51:23,MSFT,BUY,799,346.11
2024-07-04 10:51:53,MSFT,SELL,509,342.95
2024-07-04 10:52:25,MSFT,BUY,265,345.26
2024-07-04 10:54:20,AMZN,SELL,816,139.06
2024-07-04 10:54:21,META,SELL,685,298.83
2024-07-04 10:54:22,MSFT,BUY,340,336.45
2024-07-04 10:56:48,AMZN,BUY,274,133.51
2024-07-04 10:58:13,AAPL,BUY,347,190.85
2024-07-04 10:58:26,AMZN,SELL,795,135.78
2024-07-04 10:59:10,NVDA,SELL,845,420.01
2024-07-04 10:59:12,TSLA,BUY,675,252.21
2024-07-04 10:59:46,NVDA,SELL,80,422.29
2024-07-04 11:01:27,NFLX,BUY,179,460.15
2024-07-04 11:01:28,AMZN,SELL,151,137.23
2024-07-04 11:03:03,NVDA,SELL,779,402.57
2024-07-04 11:03:39,AAPL,SELL,77,191.56
2024-07-04 11:04:31,NFLX,SELL,872,461.4
2024-07-04 11:04:39,NVDA,SELL,525,433.55
2024-07-04 11:04:41,MSFT,SELL,511,334.05
2024-07-04 11:04:52,META,BUY,333,300.36
2024-07-04 11:05:04,TSLA,SELL,329,250.46
2024-07-04 11:05:06,AMZN,BUY,519,134.38
2024-07-04 11:05:30,AMZN,BUY,682,139.85
2024-07-04 11:05:35,NVDA,SELL,851,432.08
2024-07-04 11:05:37,NVDA,BUY,635,432.45
2024-07-04 11:06:00,AMZN,SELL,320,140.56
2024-07-04 11:06:42,NFLX,SELL,999,442.92
2024-07-04 11:10:08,NVDA,SELL,176,427.32
2024-07-04 11:10:36,GOOG,BUY,991,128.66
2024-07-04 11:10:53,GOOG,BUY,603,128.91
2024-07-04 11:11:07,GOOG,SELL,408,129.5
2024-07-04 11:11:08,AAPL,BUY,574,180.96
2024-07-04 11:11:31,GOOG,BUY,103,133.96
2024-07-04 11:12:25,TSLA,BUY,20,259.33
2024-07-04 11:13:20,TSLA,SELL,549,248.86
2024-07-04 11:14:15,NVDA,SELL,716,409.45
2024-07-04 11:14:46,MSFT,BUY,663,336.05
2024-07-04 11:14:47,GOOG,SELL,680,133.43
2024-07-04 11:15:08,META,SELL,97,300.35
2024-07-04 11:15:16,AMZN,SELL,624,132.99
2024-07-04 11:15:19,AMZN,BUY,2025,138.1
2024-07-04 11:15:43,GOOG,SELL,330,128.74
2024-07-04 11:16:21,MSFT,BUY,85,345.44
2024-07-04 11:16:56,GOOG,SELL,643,130.77
2024-07-04 11:17:32,NFLX,SELL,958,446.34
2024-07-04 11:19:47,NFLX,BUY,835,460.69
2024-07-04 11:20:46,MSFT,SELL,907,358.3
2024-07-04 11:21:37,META,SELL,998,292.06
2024-07-04 11:21:53,GOOG,SELL,676,131.16
2024-07-04 11:22:10,AAPL,SELL,231,189.48
2024-07-04 11:22:21,NVDA,BUY,632,400.48
2024-07-04 11:22:45,AAPL,SELL,100,184.64
2024-07-04 11:26:41,NFLX,BUY,989,451.04
2024-07-04 11:27:31,NFLX,BUY,647,449.71
2024-07-04 11:28:37,NVDA,SELL,473,412.14
2024-07-04 11:29:09,AMZN,BUY,193,131.18
2024-07-04 11:29:24,NFLX,SELL,116,455.5
2024-07-04 11:29:47,NFLX,SELL,902,455.34
2024-07-04 11:31:15,AAPL,BUY,254,195.98
2024-07-04 11:32:47,AAPL,SELL,376,190.59
2024-07-04 11:32:53,NVDA,SELL,416,413.13
2024-07-04 11:33:06,TSLA,SELL,535,249.47
2024-07-04 11:34:25,TSLA,BUY,968,252.43
2024-07-04 11:34:44,NVDA,SELL,911,422.04
2024-07-04 11:34:59,TSLA,SELL,410,248.72
2024-07-04 11:35:19,GOOG,SELL,528,130.83
2024-07-04 11:35:58,NFLX,BUY,597,447.02
2024-07-04 11:37:51,GOOG,SELL,772,127.57
2024-07-04 11:39:03,AAPL,SELL,63,184.97
2024-07-04 11:39:54,AMZN,SELL,360,136.38
2024-07-04 11:40:26,GOOG,BUY,257,129.83
2024-07-04 11:40:33,AAPL,BUY,469,196.15
2024-07-04 11:40:59,NVDA,SELL,957,428.06
2024-07-04 11:41:52,META,BUY,119,302.05
2024-07-04 11:42:05,GOOG,SELL,754,127.01
2024-07-04 11:43:26,AAPL,SELL,224,192.62
2024-07-04 11:43:26,AMZN,SELL,333,131.8
2024-07-04 11:43:39,META,BUY,626,303.13
2024-07-04 11:45:26,AAPL,SELL,516,187.7
2024-07-04 11:46:42,NFLX,SELL,662,438.06
2024-07-04 11:47:35,TSLA,SELL,927,259.51
2024-07-04 11:47:42,META,BUY,401,296.96
2024-07-04 11:49:33,MSFT,SELL,935,328.6
2024-07-04 11:50:19,META,SELL,46,293.93
2024-07-04 11:51:05,AAPL,BUY,961,194.6
2024-07-04 11:51:27,GOOG,BUY,229,125.39
2024-07-04 11:51:43,NVDA,BUY,338,423.14
2024-07-04 11:53:56,AMZN,SELL,166,138.92
2024-07-04 11:54:36,AAPL,SELL,807,190.28
2024-07-04 11:54:49,NVDA,BUY,395,422.7
2024-07-04 11:56:52,NVDA,SELL,785,409.45
2024-07-04 11:59:08,NVDA,SELL,549,423.99
2024-07-04 12:00:24,META,BUY,460,293.85
2024-07-04 12:01:51,MSFT,BUY,507,340.09
2024-07-04 12:03:16,AMZN,BUY,864,140.73
2024-07-04 12:04:11,MSFT,BUY,859,338.62
2024-07-04 12:04:32,META,BUY,530,307.72
2024-07-04 12:04:40,NVDA,SELL,427,422.42
2024-07-04 12:05:12,META,SELL,15,297.51
2024-07-04 12:08:54,GOOG,SELL,587,134.1
2024-07-04 12:08:56,TSLA,BUY,841,249.27
2024-07-04 12:09:03,META,BUY,904,296.64
2024-07-04 12:09:20,NVDA,BUY,314,432.31
2024-07-04 12:09:34,GOOG,SELL,996,130.29
2024-07-04 12:10:01,TSLA,BUY,42,249.95
2024-07-04 12:10:48,META,SELL,668,296.51
2024-07-04 12:11:58,GOOG,BUY,85,128.61
2024-07-04 12:12:44,META,SELL,407,300.73
2024-07-04 12:14:36,NFLX,SELL,579,458.13
2024-07-04 12:14:43,GOOG,SELL,875,126.28
2024-07-04 12:15:29,NVDA,SELL,280,427.92
2024-07-04 12:18:01,AAPL,BUY,716,193.61
2024-07-04 12:18:04,NVDA,SELL,183,426.17
2024-07-04 12:19:36,AAPL,BUY,299,196.86
2024-07-04 12:19:42,AAPL,SELL,455,191.4
2024-07-04 12:19:44,TSLA,BUY,802,245.0
2024-07-04 12:22:02,AMZN,SELL,253,136.53
2024-07-04 12:23:29,AAPL,SELL,652,188.43
2024-07-04 12:24:27,TSLA,SELL,222,248.74
2024-07-04 12:24:43,META,BUY,337,292.36
2024-07-04 12:24:51,TSLA,SELL,356,241.77
2024-07-04 12:27:04,MSFT,SELL,965,351.25
2024-07-04 12:27:35,NFLX,BUY,848,462.35
2024-07-04 12:27:40,NFLX,SELL,721,448.44
2024-07-04 12:29:12,AMZN,BUY,51,132.84
2024-07-04 12:29:24,TSLA,BUY,594,241.33
2024-07-04 12:31:10,GOOG,BUY,400,131.74
2024-07-04 12:31:34,META,SELL,556,296.38
2024-07-04 12:34:39,META,BUY,561,301.79
2024-07-04 12:36:35,NFLX,SELL,759,445.66
2024-07-04 12:37:50,MSFT,BUY,142,346.86
2024-07-04 12:39:29,AAPL,SELL,607,189.99
2024-07-04 12:41:56,AAPL,SELL,137,190.81
2024-07-04 12:42:18,TSLA,SELL,236,242.64
2024-07-04 12:42:22,MSFT,SELL,360,340.42
2024-07-04 12:43:00,TSLA,BUY,904,250.54
2024-07-04 12:43:57,GOOG,SELL,810,127.82
2024-07-04 12:44:40,AMZN,BUY,37,134.64
2024-07-04 12:45:45,GOOG,SELL,536,128.49
2024-07-04 12:47:04,AAPL,SELL,112,189.03
2024-07-04 12:47:29,MSFT,BUY,903,348.33
2024-07-04 12:48:22,NVDA,SELL,641,403.46
2024-07-04 12:49:14,META,BUY,102,233.30262067944454
2024-07-04 12:49:32,NFLX,SELL,859,450.47
2024-07-04 12:49:55,META,BUY,581,301.88
2024-07-04 12:50:06,AMZN,BUY,841,132.3
2024-07-04 12:51:16,AAPL,SELL,911,187.84
2024-07-04 12:51:34,GOOG,BUY,143,131.29
2024-07-04 12:52:04,TSLA,BUY,989,255.26
2024-07-04 12:52:49,AAPL,BUY,194,194.45
2024-07-04 12:52:53,META,BUY,695,297.09
2024-07-04 12:53:40,TSLA,BUY,958,255.23
2024-07-04 12:54:03,META,BUY,32,300.85
2024-07-04 12:54:06,AAPL,BUY,821,189.19
2024-07-04 12:54:15,NFLX,BUY,154,456.55
2024-07-04 12:54:23,AMZN,SELL,667,135.22
2024-07-04 12:54:26,AMZN,BUY,934,134.83
2024-07-04 12:54:28,TSLA,BUY,729,256.28
2024-07-04 12:55:01,AAPL,BUY,101,195.93
2024-07-04 12:55:59,AAPL,BUY,733,189.81
2024-07-04 12:56:36,AMZN,SELL,276,136.68
2024-07-04 12:57:18,TSLA,SELL,847,254.87
2024-07-04 12:57:28,TSLA,SELL,683,244.87
2024-07-04 12:58:05,NFLX,BUY,411,446.68
2024-07-04 12:58:47,TSLA,BUY,382,247.23
2024-07-04 12:59:41,AAPL,SELL,683,189.64
2024-07-04 13:01:09,TSLA,SELL,191,252.89
2024-07-04 13:01:12,AMZN,BUY,802,128.63
2024-07-04 13:01:25,NVDA,SELL,36,408.18
2024-07-04 13:01:33,TSLA,BUY,349,245.97
2024-07-04 13:01:36,AMZN,SELL,989,135.43
2024-07-04 13:02:14,AAPL,BUY,271,187.08
2024-07-04 13:03:03,NFLX,BUY,844,458.07
2024-07-04 13:04:19,MSFT,SELL,557,337.43
2024-07-04 13:05:09,NFLX,SELL,600,463.53
2024-07-04 13:05:55,TSLA,BUY,104,244.88
2024-07-04 13:06:22,TSLA,BUY,642,250.1
2024-07-04 13:06:37,TSLA,BUY,945,256.99
2024-07-04 13:08:07,NFLX,BUY,787,442.48
2024-07-04 13:08:07,NFLX,SELL,978,451.78
2024-07-04 13:09:06,NFLX,BUY,61,460.37
2024-07-04 13:10:34,NFLX,BUY,644,439.72
2024-07-04 13:11:19,NVDA,SELL,100,419.19
2024-07-04 13:11:54,AAPL,BUY,371,193.06
2024-07-04 13:12:09,TSLA,SELL,873,253.91
2024-07-04 13:13:05,GOOG,BUY,788,133.09
2024-07-04 13:13:24,META,BUY,505,295.75
2024-07-04 13:13:30,AMZN,BUY,948,136.28
2024-07-04 13:14:36,NFLX,SELL,528,457.47
2024-07-04 13:15:21,TSLA,SELL,852,254.86
2024-07-04 13:15:36,META,BUY,444,299.58
2024-07-04 13:16:39,MSFT,BUY,539,337.55
2024-07-04 13:17:16,NFLX,SELL,737,447.76
2024-07-04 13:17:42,MSFT,SELL,59,336.86
2024-07-04 13:17:49,MSFT,SELL,109,339.52
2024-07-04 13:20:47,MSFT,SELL,528,345.16
2024-07-04 13:20:54,NFLX,BUY,165,454.31
2024-07-04 13:21:08,AMZN,BUY,141,132.74
2024-07-04 13:21:21,GOOG,SELL,876,129.42
2024-07-04 13:21:50,AMZN,SELL,559,139.01
2024-07-04 13:22:42,AMZN,BUY,360,133.65
2024-07-04 13:22:57,NFLX,SELL,42,464.71
2024-07-04 13:24:10,NVDA,BUY,282,401.27
2024-07-04 13:24:51,TSLA,BUY,100,245.65
2024-07-04 13:25:32,META,BUY,626,290.84
2024-07-04 13:25:34,META,BUY,199,305.18
2024-07-04 13:28:19,TSLA,SELL,346,246.29
2024-07-04 13:30:05,AAPL,BUY,605,181.79
2024-07-04 13:30:50,MSFT,SELL,104,333.31
2024-07-04 13:30:55,AAPL,BUY,224,193.03
2024-07-04 13:31:55,GOOG,SELL,244,131.23
2024-07-04 13:32:14,NFLX,SELL,539,451.77
2024-07-04 13:33:54,NVDA,SELL,276,423.61
2024-07-04 13:34:05,NVDA,BUY,414,432.18
2024-07-04 13:35:08,TSLA,BUY,819,252.91
2024-07-04 13:35:42,AMZN,BUY,10,130.43
2024-07-04 13:38:16,NFLX,BUY,678,461.07
2024-07-04 13:39:03,AMZN,SELL,60,135.94
2024-07-04 13:39:27,TSLA,SELL,29,254.54
2024-07-04 13:39:31,MSFT,BUY,776,332.28
2024-07-04 13:41:00,NVDA,SELL,191,417.18
2024-07-04 13:41:31,NFLX,BUY,869,444.61
2024-07-04 13:41:48,NFLX,SELL,31,453.14
2024-07-04 13:41:48,AAPL,SELL,493,185.44
2024-07-04 13:43:37,AMZN,SELL,168,137.9
2024-07-04 13:43:42,AAPL,BUY,767,191.24
2024-07-04 13:44:04,AMZN,BUY,478,132.52
2024-07-04 13:44:16,AAPL,BUY,262,188.56
2024-07-04 13:45:06,MSFT,BUY,909,335.56
2024-07-04 13:47:20,AMZN,BUY,686,137.92
2024-07-04 13:47:49,AMZN,BUY,329,134.61
2024-07-04 13:48:09,AMZN,BUY,696,137.59
2024-07-04 13:48:44,NFLX,BUY,183,455.5
2024-07-04 13:48:57,META,SELL,415,299.92
2024-07-04 13:48:58,NFLX,BUY,606,453.28
2024-07-04 13:50:00,AAPL,BUY,283,187.43
2024-07-04 13:50:06,NFLX,BUY,552,473.79
2024-07-04 13:50:40,GOOG,SELL,366,129.88
2024-07-04 13:50:46,META,SELL,563,295.58
2024-07-04 13:51:31,NVDA,SELL,357,425.24
2024-07-04 13:52:15,AAPL,BUY,245,184.64
2024-07-04 13:53:15,MSFT,BUY,286,342.01
2024-07-04 13:53:17,TSLA,SELL,318,249.6
2024-07-04 13:53:59,TSLA,SELL,104,244.14
2024-07-04 13:55:31,TSLA,BUY,812,247.94
2024-07-04 13:55:59,AAPL,BUY,59,191.33
2024-07-04 13:55:59,TSLA,SELL,872,257.54
2024-07-04 13:56:25,AAPL,BUY,578,187.99
2024-07-04 13:57:23,NVDA,SELL,521,418.63
2024-07-04 13:57:25,TSLA,SELL,530,258.57
2024-07-04 13:58:17,AMZN,BUY,306,136.15
2024-07-04 13:59:09,MSFT,SELL,794,349.02
2024-07-04 13:59:21,NVDA,SELL,603,414.16
2024-07-04 13:59:35,GOOG,SELL,858,126.99
2024-07-04 14:00:52,NFLX,SELL,644,438.23
2024-07-04 14:01:11,AAPL,SELL,526,188.22
2024-07-04 14:02:04,NFLX,BUY,805,449.38
2024-07-04 14:04:14,NVDA,SELL,97,414.97
2024-07-04 14:05:53,NVDA,SELL,580,408.08
2024-07-04 14:06:56,AAPL,SELL,515,182.05
2024-07-04 14:07:05,NFLX,SELL,642,445.32
2024-07-04 14:07:31,MSFT,SELL,466,324.13
2024-07-04 14:07:59,GOOG,SELL,708,130.01
2024-07-04 14:08:04,MSFT,SELL,559,333.58
2024-07-04 14:08:11,GOOG,BUY,96,128.73
2024-07-04 14:08:24,MSFT,BUY,864,335.49
2024-07-04 14:08:47,AAPL,BUY,774,191.24
2024-07-04 14:08:51,GOOG,BUY,106,127.65
2024-07-04 14:08:53,MSFT,BUY,155,338.13
2024-07-04 14:09:24,GOOG,SELL,282,130.79
2024-07-04 14:09:26,AAPL,BUY,33,195.3
2024-07-04 14:09:41,TSLA,BUY,82,245.73
2024-07-04 14:11:01,NFLX,SELL,985,459.19
2024-07-04 14:11:11,MSFT,BUY,504,338.2
2024-07-04 14:12:29,NFLX,BUY,280,464.01
2024-07-04 14:14:32,AMZN,BUY,268,134.71
2024-07-04 14:14:47,MSFT,BUY,185,341.48
2024-07-04 14:14:52,GOOG,SELL,795,132.4
2024-07-04 14:15:04,NFLX,SELL,508,434.93
2024-07-04 14:15:15,AAPL,BUY,839,188.52
2024-07-04 14:15:27,NVDA,BUY,680,420.7
2024-07-04 14:16:50,AAPL,SELL,866,188.56
2024-07-04 14:17:10,AAPL,SELL,37,185.68
2024-07-04 14:17:37,NVDA,BUY,198,414.88
2024-07-04 14:17:43,TSLA,SELL,2706,252.69
2024-07-04 14:18:19,NVDA,BUY,687,405.95
2024-07-04 14:18:32,NVDA,BUY,711,427.04
2024-07-04 14:20:24,AAPL,SELL,629,192.41
2024-07-04 14:20:32,NVDA,SELL,369,419.37
2024-07-04 14:21:05,TSLA,BUY,219,256.16
2024-07-04 14:21:10,MSFT,SELL,777,353.23
2024-07-04 14:21:17,NFLX,BUY,292,433.2
2024-07-04 14:21:42,NVDA,BUY,584,414.53
2024-07-04 14:22:00,MSFT,BUY,805,344.97
2024-07-04 14:22:16,NVDA,SELL,347,434.28
2024-07-04 14:22:52,META,SELL,685,292.91
2024-07-04 14:22:53,MSFT,BUY,783,345.63
2024-07-04 14:23:17,TSLA,BUY,513,242.73
2024-07-04 14:23:29,NVDA,SELL,616,431.66
2024-07-04 14:24:28,MSFT,SELL,995,337.17
2024-07-04 14:25:29,MSFT,SELL,427,335.69
2024-07-04 14:30:42,AAPL,BUY,810,191.24
2024-07-04 14:31:04,NFLX,BUY,445,452.3
2024-07-04 14:32:01,AMZN,BUY,189,138.81
2024-07-04 14:33:05,MSFT,BUY,578,349.13
2024-07-04 14:34:34,META,SELL,652,301.11
2024-07-04 14:35:01,META,SELL,137,300.2
2024-07-04 14:35:23,AMZN,SELL,845,136.54
2024-07-04 14:35:56,META,SELL,53,298.17
2024-07-04 14:36:21,NFLX,BUY,334,452.74
2024-07-04 14:36:58,AMZN,SELL,629,134.33
2024-07-04 14:37:33,TSLA,BUY,422,242.51
2024-07-04 14:38:13,NFLX,SELL,764,453.03
2024-07-04 14:39:17,NVDA,SELL,234,426.31
2024-07-04 14:39:18,NFLX,SELL,329,447.03
2024-07-04 14:39:53,NVDA,SELL,840,422.95
2024-07-04 14:42:08,NFLX,SELL,590,456.99
2024-07-04 14:42:16,AAPL,SELL,959,187.64
2024-07-04 14:42:17,TSLA,SELL,158,252.17
2024-07-04 14:43:17,MSFT,BUY,130,333.78
2024-07-04 14:43:57,TSLA,BUY,453,256.96
2024-07-04 14:44:28,GOOG,BUY,943,126.89
2024-07-04 14:44:42,AAPL,SELL,193,190.87
2024-07-04 14:46:01,AAPL,BUY,748,193.85
2024-07-04 14:46:04,AMZN,BUY,27,137.27
2024-07-04 14:46:58,MSFT,BUY,619,342.5
2024-07-04 14:48:42,NFLX,SELL,70,465.4
2024-07-04 14:48:56,NVDA,BUY,667,438.02
2024-07-04 14:49:37,NFLX,BUY,559,466.15
2024-07-04 14:50:00,AMZN,BUY,605,135.17
2024-07-04 14:50:48,NVDA,SELL,980,413.47
2024-07-04 14:51:41,NFLX,BUY,802,445.65
2024-07-04 14:52:02,AAPL,SELL,939,191.57
2024-07-04 14:53:40,MSFT,BUY,337,345.48
2024-07-04 14:53:41,META,SELL,548,299.16
2024-07-04 14:54:56,META,SELL,898,308.37
2024-07-04 14:55:43,AAPL,BUY,196,191.85
2024-07-04 14:57:32,NVDA,SELL,921,438.83
2024-07-04 14:58:31,AMZN,SELL,67,132.36
2024-07-04 15:00:41,NVDA,BUY,396,434.13
2024-07-04 15:03:24,NVDA,BUY,173,430.07
2024-07-04 15:03:31,META,SELL,277,298.85
2024-07-04 15:04:28,MSFT,SELL,702,335.91
2024-07-04 15:04:32,AMZN,BUY,388,133.35
2024-07-04 15:05:09,META,BUY,794,305.47
2024-07-04 15:05:18,MSFT,BUY,111,331.47
2024-07-04 15:07:07,MSFT,SELL,830,338.11
2024-07-04 15:08:31,NFLX,BUY,139,472.55
2024-07-04 15:08:31,GOOG,BUY,114,127.58
2024-07-04 15:09:12,NVDA,SELL,343,409.07
2024-07-04 15:10:12,META,SELL,940,297.2
2024-07-04 15:10:49,MSFT,SELL,278,345.32
2024-07-04 15:12:28,MSFT,SELL,720,338.32
2024-07-04 15:17:08,NVDA,BUY,341,430.57
2024-07-04 15:18:25,TSLA,SELL,749,254.09
2024-07-04 15:19:32,MSFT,BUY,854,334.61
2024-07-04 15:19:53,TSLA,BUY,370,254.12
2024-07-04 15:20:07,META,SELL,609,292.63
2024-07-04 15:20:19,MSFT,BUY,553,393.11211299933575
2024-07-04 15:20:28,GOOG,BUY,456,125.93
2024-07-04 15:22:34,META,SELL,85,300.95
2024-07-04 15:22:39,GOOG,SELL,284,132.34
2024-07-04 15:22:54,NVDA,SELL,654,408.52
2024-07-04 15:24:01,NVDA,SELL,548,424.54
2024-07-04 15:25:55,MSFT,BUY,856,325.98
2024-07-04 15:26:13,META,SELL,291,305.77
2024-07-04 15:26:39,AAPL,SELL,602,192.15
2024-07-04 15:27:58,META,SELL,773,302.92
2024-07-04 15:31:32,NVDA,SELL,370,432.35
2024-07-04 15:32:21,GOOG,BUY,407,131.27
2024-07-04 15:32:59,AMZN,BUY,818,130.74
2024-07-04 15:33:00,META,SELL,933,297.04
2024-07-04 15:36:42,MSFT,BUY,789,344.76
2024-07-04 15:36:57,AMZN,SELL,434,132.54
2024-07-04 15:38:34,MSFT,BUY,846,339.95
2024-07-04 15:39:09,AMZN,SELL,833,139.17
2024-07-04 15:40:36,AMZN,BUY,398,132.88
2024-07-04 15:41:10,AMZN,BUY,244,142.28
2024-07-04 15:41:37,NVDA,SELL,837,419.35
2024-07-04 15:42:53,AAPL,SELL,17,191.67
2024-07-04 15:43:36,AMZN,SELL,81,132.04
2024-07-04 15:43:41,META,SELL,935,299.18
2024-07-04 15:44:09,TSLA,SELL,311,259.37
2024-07-04 15:45:09,NFLX,SELL,302,444.22
2024-07-04 15:45:39,NFLX,SELL,65,436.77
2024-07-04 15:47:13,TSLA,BUY,348,246.29
2024-07-04 15:48:06,NVDA,SELL,45,414.16
2024-07-04 15:49:33,META,BUY,771,293.77
2024-07-04 15:50:57,NFLX,BUY,607,442.53
2024-07-04 15:51:31,NFLX,BUY,253,444.34
2024-07-04 15:51:51,META,BUY,996,306.7
2024-07-04 15:51:59,AMZN,SELL,852,136.76
2024-07-04 15:52:53,META,SELL,977,297.15
2024-07-04 15:53:10,MSFT,SELL,325,332.98
2024-07-04 15:54:49,AMZN,SELL,862,132.33
2024-07-04 15:55:18,GOOG,SELL,969,126.3
2024-07-04 15:55:34,MSFT,BUY,982,343.62
2024-07-04 15:57:03,AMZN,BUY,301,131.59
2024-07-04 15:57:18,AAPL,BUY,77,188.67
2024-07-04 15:57:30,NVDA,SELL,749,418.16
2024-07-04 15:59:54,TSLA,BUY,969,248.63
2024-07-04 15:59:59,NFLX,SELL,964,452.77
2024-07-05 09:31:48,AMZN,BUY,157,133.35
2024-07-05 09:33:10,NVDA,SELL,796,421.19
2024-07-05 09:34:13,AMZN,SELL,630,140.28
2024-07-05 09:36:08,AMZN,SELL,599,132.11
2024-07-05 09:36:46,META,SELL,623,301.35
2024-07-05 09:37:05,NVDA,SELL,346,419.31
2024-07-05 09:37:28,GOOG,SELL,6615,132.32
2024-07-05 09:38:14,MSFT,BUY,978,342.84
2024-07-05 09:38:35,TSLA,BUY,430,251.08
2024-07-05 09:38:53,NVDA,SELL,315,414.1
2024-07-05 09:39:19,NFLX,SELL,899,434.18
2024-07-05 09:39:36,NVDA,BUY,242,418.93
2024-07-05 09:40:06,AMZN,SELL,147,141.02
2024-07-05 09:40:10,AAPL,SELL,853,198.57
2024-07-05 09:40:19,MSFT,SELL,229,339.99
2024-07-05 09:42:17,TSLA,BUY,653,247.48
2024-07-05 09:42:57,META,BUY,282,296.77
2024-07-05 09:43:16,TSLA,SELL,163,245.86
2024-07-05 09:43:38,TSLA,BUY,167,249.3
2024-07-05 09:45:26,GOOG,BUY,222,129.4
2024-07-05 09:46:06,AMZN,BUY,282,137.24
2024-07-05 09:46:29,META,BUY,80,298.07
2024-07-05 09:46:40,GOOG,SELL,307,128.26
2024-07-05 09:47:46,AMZN,SELL,648,131.06
2024-07-05 09:48:48,META,SELL,36,297.81
2024-07-05 09:49:08,META,BUY,925,300.67
2024-07-05 09:49:15,GOOG,BUY,391,127.86
2024-07-05 09:49:52,AMZN,SELL,858,134.55
2024-07-05 09:49:54,META,BUY,941,296.22
2024-07-05 09:50:20,NFLX,BUY,77,457.57
2024-07-05 09:50:26,NFLX,BUY,405,449.16
2024-07-05 09:50:33,MSFT,SELL,847,340.0
2024-07-05 09:50:39,META,SELL,308,299.28
2024-07-05 09:50:55,META,BUY,865,294.15
2024-07-05 09:53:50,META,BUY,853,310.97
2024-07-05 09:54:41,GOOG,SELL,732,125.99
2024-07-05 09:55:10,META,SELL,647,306.04
2024-07-05 09:55:59,AMZN,BUY,776,138.32
2024-07-05 09:56:00,NFLX,SELL,798,444.96
2024-07-05 09:56:44,MSFT,BUY,337,339.62
2024-07-05 09:57:02,TSLA,SELL,918,255.22
2024-07-05 09:57:38,AAPL,SELL,857,194.81
2024-07-05 09:58:03,NFLX,SELL,542,446.9
2024-07-05 09:58:52,NFLX,SELL,887,450.16
2024-07-05 09:59:25,AMZN,SELL,720,135.56
2024-07-05 10:01:40,TSLA,BUY,879,259.77
2024-07-05 10:03:21,TSLA,BUY,629,244.8
2024-07-05 10:05:21,GOOG,BUY,131,132.63
2024-07-05 10:06:54,MSFT,SELL,468,337.47
2024-07-05 10:06:58,NVDA,SELL,886,428.95
2024-07-05 10:07:12,GOOG,SELL,139,127.68
2024-07-05 10:07:41,META,BUY,529,297.53
2024-07-05 10:08:49,NFLX,BUY,121,452.42
2024-07-05 10:08:53,NFLX,BUY,979,455.73
2024-07-05 10:09:48,META,BUY,535,303.96
2024-07-05 10:10:01,TSLA,SELL,224,251.48
2024-07-05 10:11:43,NVDA,BUY,289,417.15
2024-07-05 10:11:45,AMZN,SELL,417,134.73
2024-07-05 10:13:15,NFLX,SELL,264,461.1
2024-07-05 10:13:17,TSLA,SELL,223,253.64
2024-07-05 10:13:56,META,SELL,148,301.61
2024-07-05 10:16:07,MSFT,SELL,929,345.89
2024-07-05 10:16:20,NFLX,BUY,78,450.65
2024-07-05 10:16:43,META,SELL,24,294.6
2024-07-05 10:17:23,AAPL,SELL,42,188.4
2024-07-05 10:18:31,TSLA,BUY,836,257.18
2024-07-05 10:19:21,TSLA,BUY,942,249.27
2024-07-05 10:20:52,AMZN,BUY,967,132.25
2024-07-05 10:21:43,AMZN,SELL,66,133.27
2024-07-05 10:21:55,MSFT,BUY,846,336.52
2024-07-05 10:22:11,META,SELL,885,303.16
2024-07-05 10:22:29,NVDA,BUY,942,425.7
2024-07-05 10:22:50,GOOG,BUY,411,131.41
2024-07-05 10:23:08,MSFT,BUY,452,347.41
2024-07-05 10:25:11,TSLA,SELL,77,250.14
2024-07-05 10:26:37,TSLA,SELL,575,248.61
2024-07-05 10:27:46,AMZN,SELL,865,133.94
2024-07-05 10:28:01,MSFT,SELL,63,339.76
2024-07-05 10:28:38,NFLX,BUY,847,440.5
2024-07-05 10:28:38,TSLA,SELL,730,250.76
2024-07-05 10:30:20,GOOG,SELL,239,128.71
2024-07-05 10:30:52,AAPL,BUY,602,189.24
2024-07-05 10:30:55,AAPL,SELL,286,189.22
2024-07-05 10:31:27,META,SELL,718,297.81
2024-07-05 10:31:29,META,SELL,217,299.24
2024-07-05 10:31:31,META,BUY,145,314.32
2024-07-05 10:31:52,AAPL,BUY,198,190.63
2024-07-05 10:31:57,NFLX,SELL,857,462.87
2024-07-05 10:33:58,TSLA,SELL,264,244.95
2024-07-05 10:34:14,NVDA,SELL,133,420.9
2024-07-05 10:35:05,MSFT,BUY,226,338.39
2024-07-05 10:35:06,MSFT,SELL,702,331.91
2024-07-05 10:35:59,NFLX,SELL,608,455.94
2024-07-05 10:37:59,AMZN,BUY,847,134.95
2024-07-05 10:38:59,NVDA,SELL,368,425.7
2024-07-05 10:40:06,NVDA,BUY,367,411.56
2024-07-05 10:42:11,MSFT,BUY,277,349.9
2024-07-05 10:42:23,TSLA,BUY,375,250.67
2024-07-05 10:43:01,META,BUY,503,289.4
2024-07-05 10:43:40,MSFT,SELL,690,331.71
2024-07-05 10:45:19,NVDA,SELL,897,419.25
2024-07-05 10:45:39,NVDA,BUY,850,420.74
2024-07-05 10:47:12,AAPL,SELL,950,185.39
2024-07-05 10:48:04,META,SELL,691,310.46
2024-07-05 10:48:39,AAPL,BUY,772,184.21
2024-07-05 10:49:19,TSLA,BUY,827,244.13
2024-07-05 10:50:16,NVDA,SELL,216,423.53
2024-07-05 10:50:53,META,BUY,668,308.39
2024-07-05 10:52:06,TSLA,BUY,600,250.7
2024-07-05 10:52:28,NVDA,BUY,704,434.12
2024-07-05 10:52:31,AAPL,BUY,528,193.67
2024-07-05 10:54:43,META,SELL,485,293.98
2024-07-05 10:54:52,NFLX,SELL,175,444.96
2024-07-05 10:54:58,AAPL,SELL,761,191.69
2024-07-05 10:55:08,META,SELL,803,308.88
2024-07-05 10:56:41,AAPL,SELL,678,188.08
2024-07-05 10:56:46,AMZN,SELL,271,135.14
2024-07-05 10:57:08,TSLA,BUY,115,247.67
2024-07-05 10:57:27,TSLA,BUY,590,248.43
2024-07-05 10:57:50,MSFT,SELL,580,334.58
2024-07-05 10:58:04,NFLX,BUY,348,451.94
2024-07-05 10:58:09,META,SELL,476,310.91
2024-07-05 10:58:40,TSLA,BUY,261,258.49
2024-07-05 10:58:46,AAPL,SELL,146,184.79
2024-07-05 10:58:49,AAPL,SELL,932,190.48
2024-07-05 10:58:56,TSLA,BUY,719,245.89
2024-07-05 10:59:06,META,BUY,372,292.86
2024-07-05 10:59:32,NVDA,SELL,963,422.65
2024-07-05 11:00:20,NVDA,BUY,451,524.179528824395
2024-07-05 11:01:04,NVDA,SELL,964,433.66
2024-07-05 11:01:05,META,BUY,406,304.52
2024-07-05 11:01:10,META,BUY,954,300.82
2024-07-05 11:01:40,AAPL,SELL,996,190.36
2024-07-05 11:02:00,NFLX,BUY,237,454.82
2024-07-05 11:02:16,GOOG,BUY,392,133.59
2024-07-05 11:02:31,AMZN,SELL,555,135.59
2024-07-05 11:04:51,AMZN,SELL,802,136.9
2024-07-05 11:04:59,TSLA,BUY,53,249.79
2024-07-05 11:05:33,NVDA,SELL,308,428.77
2024-07-05 11:07:23,AAPL,SELL,934,189.65
2024-07-05 11:07:32,AMZN,BUY,229,137.14
2024-07-05 11:08:01,AMZN,SELL,572,137.92
2024-07-05 11:08:02,META,BUY,225,300.08
2024-07-05 11:08:42,GOOG,BUY,901,131.91
2024-07-05 11:10:36,AAPL,BUY,124,185.99
2024-07-05 11:10:48,AMZN,BUY,77,136.29
2024-07-05 11:11:03,META,SELL,95,303.81
2024-07-05 11:11:22,TSLA,BUY,134,253.22
2024-07-05 11:11:47,TSLA,BUY,459,246.96
2024-07-05 11:12:18,NVDA,SELL,485,422.36
2024-07-05 11:12:49,META,SELL,885,294.86
2024-07-05 11:13:01,NVDA,SELL,792,420.63
2024-07-05 11:13:14,AMZN,SELL,48,129.35
2024-07-05 11:13:37,META,SELL,714,297.44
2024-07-05 11:17:03,TSLA,BUY,611,246.93
2024-07-05 11:17:45,META,BUY,154,298.13
2024-07-05 11:18:28,MSFT,SELL,924,337.37
2024-07-05 11:18:34,NVDA,SELL,701,414.01
2024-07-05 11:18:50,META,SELL,207,293.26
2024-07-05 11:19:48,META,BUY,359,307.53
2024-07-05 11:20:13,NVDA,BUY,261,411.24
2024-07-05 11:20:20,AAPL,SELL,703,186.78
2024-07-05 11:20:51,MSFT,SELL,450,344.52
2024-07-05 11:21:01,META,BUY,440,304.7
2024-07-05 11:21:38,AMZN,SELL,424,134.53
2024-07-05 11:21:58,META,BUY,992,306.2
2024-07-05 11:23:23,NFLX,SELL,610,450.61
2024-07-05 11:23:32,NFLX,BUY,92,475.36
2024-07-05 11:24:12,MSFT,BUY,266,340.88
2024-07-05 11:24:45,GOOG,SELL,205,127.09
2024-07-05 11:25:43,AAPL,BUY,691,189.02
2024-07-05 11:26:08,MSFT,SELL,855,342.75
2024-07-05 11:26:20,GOOG,SELL,672,128.77
2024-07-05 11:27:18,AMZN,SELL,529,136.85
2024-07-05 11:27:19,TSLA,BUY,696,251.26
2024-07-05 11:27:37,MSFT,SELL,923,335.17
2024-07-05 11:27:39,NFLX,BUY,770,444.63
2024-07-05 11:27:51,AMZN,SELL,756,132.95
2024-07-05 11:28:21,AAPL,SELL,117,192.19
2024-07-05 11:29:56,AAPL,SELL,642,191.92
2024-07-05 11:30:03,NVDA,BUY,979,414.01
2024-07-05 11:30:37,META,SELL,386,301.89
2024-07-05 11:30:41,AMZN,SELL,804,135.57
2024-07-05 11:30:43,NVDA,SELL,427,418.44
2024-07-05 11:31:20,MSFT,SELL,719,334.87
2024-07-05 11:32:01,NVDA,SELL,751,419.98
2024-07-05 11:32:18,NFLX,SELL,617,457.06
2024-07-05 11:34:12,GOOG,SELL,351,133.11
2024-07-05 11:35:39,AMZN,BUY,760,133.08
2024-07-05 11:36:05,MSFT,BUY,957,355.37
2024-07-05 11:36:12,AMZN,BUY,639,132.55
2024-07-05 11:37:02,TSLA,BUY,726,253.16
2024-07-05 11:37:28,META,SELL,1845,298.27
2024-07-05 11:38:08,NFLX,SELL,97,450.46
2024-07-05 11:38:32,AAPL,SELL,518,193.6
2024-07-05 11:39:08,META,SELL,770,305.15
2024-07-05 11:40:22,AAPL,BUY,960,182.78
2024-07-05 11:40:53,MSFT,SELL,883,333.15
2024-07-05 11:40:56,NVDA,SELL,479,421.71
2024-07-05 11:42:43,MSFT,SELL,493,336.71
2024-07-05 11:44:45,TSLA,BUY,194,241.82
2024-07-05 11:46:16,META,SELL,350,298.38
2024-07-05 11:47:30,MSFT,BUY,470,344.07
2024-07-05 11:48:17,AMZN,SELL,380,131.19
2024-07-05 11:48:50,MSFT,SELL,658,340.39
2024-07-05 11:49:08,AAPL,SELL,732,183.76
2024-07-05 11:49:10,GOOG,BUY,701,127.45
2024-07-05 11:49:39,MSFT,BUY,179,341.59
2024-07-05 11:52:07,AAPL,SELL,28,187.27
2024-07-05 11:54:10,META,BUY,171,287.12
2024-07-05 11:54:33,AAPL,SELL,442,182.33
2024-07-05 11:54:36,AAPL,BUY,816,190.12
2024-07-05 11:54:55,MSFT,BUY,487,340.64
2024-07-05 11:55:26,MSFT,BUY,977,339.28
2024-07-05 11:56:25,AMZN,SELL,83,136.91
2024-07-05 11:56:36,MSFT,SELL,422,339.94
2024-07-05 11:57:36,TSLA,BUY,340,252.92
2024-07-05 11:57:50,GOOG,BUY,878,127.82
2024-07-05 11:58:59,AAPL,SELL,34,191.15
2024-07-05 11:59:01,MSFT,BUY,307,345.46
2024-07-05 11:59:09,NVDA,SELL,93,405.26
2024-07-05 11:59:38,NFLX,BUY,610,439.12
2024-07-05 12:00:44,AAPL,BUY,378,189.0
2024-07-05 12:05:26,NVDA,SELL,121,422.12
2024-07-05 12:06:11,AMZN,SELL,551,134.35
2024-07-05 12:08:08,AMZN,SELL,670,137.34
2024-07-05 12:08:28,GOOG,BUY,970,126.84
2024-07-05 12:11:03,MSFT,SELL,954,341.94
2024-07-05 12:11:05,NFLX,BUY,237,465.75
2024-07-05 12:15:40,AMZN,BUY,334,133.56
2024-07-05 12:16:38,META,SELL,778,312.39
2024-07-05 12:16:50,META,SELL,77,298.08
2024-07-05 12:17:15,NVDA,SELL,489,417.73
2024-07-05 12:18:03,GOOG,BUY,120,124.64
2024-07-05 12:19:32,NVDA,BUY,112,412.46
2024-07-05 12:19:42,NFLX,BUY,913,457.14
2024-07-05 12:22:44,MSFT,SELL,464,347.61
2024-07-05 12:23:22,META,SELL,526,310.11
2024-07-05 12:24:23,AMZN,SELL,179,133.78
2024-07-05 12:24:27,GOOG,SELL,295,127.8
2024-07-05 12:24:37,GOOG,SELL,365,129.13
2024-07-05 12:25:44,NFLX,SELL,391,452.99
2024-07-05 12:26:43,AAPL,SELL,227,184.45
2024-07-05 12:26:51,AMZN,SELL,776,136.13
2024-07-05 12:27:14,MSFT,BUY,234,342.91
2024-07-05 12:27:49,TSLA,BUY,528,241.46
2024-07-05 12:29:50,META,BUY,683,300.92
2024-07-05 12:30:23,GOOG,BUY,484,129.33
2024-07-05 12:31:24,AAPL,BUY,137,192.97
2024-07-05 12:33:30,MSFT,SELL,465,346.78
2024-07-05 12:34:15,AMZN,BUY,303,136.39
2024-07-05 12:35:14,AMZN,BUY,440,137.64
2024-07-05 12:35:18,NFLX,BUY,615,433.35
2024-07-05 12:35:52,AAPL,SELL,192,188.67
2024-07-05 12:36:55,NVDA,SELL,50,425.22
2024-07-05 12:37:43,TSLA,BUY,60,240.92
2024-07-05 12:40:02,MSFT,SELL,48,326.72
2024-07-05 12:41:37,TSLA,SELL,417,250.99
2024-07-05 12:41:41,TSLA,SELL,204,253.63
2024-07-05 12:42:37,AAPL,BUY,666,190.34
2024-07-05 12:43:06,NVDA,SELL,756,424.16
2024-07-05 12:43:21,NVDA,BUY,654,414.42
2024-07-05 12:43:43,AAPL,SELL,595,184.92
2024-07-05 12:44:08,MSFT,SELL,968,345.95
2024-07-05 12:45:47,NFLX,SELL,356,450.91
2024-07-05 12:45:54,GOOG,SELL,753,128.82
2024-07-05 12:47:08,NFLX,BUY,500,449.98
2024-07-05 12:47:40,TSLA,BUY,163,254.0
2024-07-05 12:47:44,AMZN,SELL,702,138.58
2024-07-05 12:48:04,GOOG,BUY,137,128.48
2024-07-05 12:48:43,GOOG,SELL,85,129.49
2024-07-05 12:50:09,TSLA,SELL,425,243.34
2024-07-05 12:50:29,META,BUY,318,304.6
2024-07-05 12:51:48,NVDA,BUY,222,422.39
2024-07-05 12:51:55,GOOG,SELL,142,132.8
2024-07-05 12:53:08,AAPL,SELL,2219,193.43
2024-07-05 12:53:57,TSLA,SELL,316,254.01
2024-07-05 12:55:13,TSLA,BUY,838,241.91
2024-07-05 12:56:06,TSLA,BUY,124,247.81
2024-07-05 12:56:50,AAPL,BUY,370,190.54
2024-07-05 12:57:40,AMZN,SELL,994,132.92
2024-07-05 12:58:26,TSLA,SELL,236,249.93
2024-07-05 12:58:40,META,SELL,490,291.97
2024-07-05 12:58:48,AAPL,SELL,755,192.9
2024-07-05 12:59:27,NVDA,SELL,534,430.62
2024-07-05 12:59:42,NVDA,SELL,808,428.92
2024-07-05 12:59:49,GOOG,SELL,374,129.13
2024-07-05 13:00:39,NVDA,BUY,242,430.16
2024-07-05 13:01:44,TSLA,SELL,941,246.1
2024-07-05 13:02:22,AMZN,SELL,98,131.47
2024-07-05 13:02:31,NVDA,BUY,575,417.63
2024-07-05 13:02:56,MSFT,BUY,121,338.81
2024-07-05 13:03:04,AMZN,BUY,533,134.67
2024-07-05 13:03:59,NFLX,SELL,260,466.73
2024-07-05 13:04:17,GOOG,SELL,79,129.33
2024-07-05 13:04:33,MSFT,SELL,385,336.01
2024-07-05 13:05:01,TSLA,SELL,683,255.31
2024-07-05 13:05:34,NFLX,SELL,520,454.94
2024-07-05 13:07:12,META,BUY,618,298.05
2024-07-05 13:08:23,AAPL,BUY,392,193.99
2024-07-05 13:08:29,NFLX,BUY,888,337.1452515275095
2024-07-05 13:11:46,TSLA,BUY,183,253.91
2024-07-05 13:11:50,AAPL,SELL,621,194.33
2024-07-05 13:12:18,AMZN,BUY,677,134.8
2024-07-05 13:13:03,AMZN,BUY,340,133.24
2024-07-05 13:15:53,NVDA,SELL,398,432.35
2024-07-05 13:16:59,AAPL,SELL,615,188.81
2024-07-05 13:18:09,MSFT,BUY,449,349.78
2024-07-05 13:18:37,MSFT,BUY,261,332.54
2024-07-05 13:19:03,META,SELL,574,290.44
2024-07-05 13:19:07,NVDA,SELL,564,415.65
2024-07-05 13:19:46,MSFT,BUY,468,337.96
2024-07-05 13:20:06,META,BUY,421,302.87
2024-07-05 13:20:22,GOOG,BUY,630,129.21
2024-07-05 13:20:48,GOOG,BUY,974,135.34
2024-07-05 13:22:05,NVDA,BUY,710,422.72
2024-07-05 13:22:14,GOOG,BUY,523,130.53
2024-07-05 13:22:32,TSLA,BUY,993,250.81
2024-07-05 13:22:35,AMZN,SELL,696,138.35
2024-07-05 13:23:57,NVDA,SELL,765,400.25
2024-07-05 13:24:16,GOOG,SELL,984,128.63
2024-07-05 13:25:50,NFLX,BUY,411,449.66
2024-07-05 13:26:26,AAPL,BUY,993,188.94
2024-07-05 13:28:20,GOOG,SELL,450,128.22
2024-07-05 13:29:05,TSLA,SELL,979,254.39
2024-07-05 13:29:22,GOOG,BUY,713,128.81
2024-07-05 13:29:23,MSFT,SELL,2526,347.66
2024-07-05 13:30:45,NVDA,SELL,54,415.1
2024-07-05 13:31:07,AMZN,BUY,178,135.94
2024-07-05 13:31:17,AAPL,BUY,193,185.88
2024-07-05 13:31:33,TSLA,BUY,593,249.48
2024-07-05 13:31:34,META,BUY,771,286.97
2024-07-05 13:31:57,AAPL,SELL,982,193.45
2024-07-05 13:32:30,TSLA,BUY,628,256.88
2024-07-05 13:32:51,META,SELL,985,302.67
2024-07-05 13:34:33,AMZN,BUY,775,138.01
2024-07-05 13:35:48,NVDA,BUY,525,430.07
2024-07-05 13:36:05,AAPL,BUY,125,190.92
2024-07-05 13:36:18,AMZN,SELL,202,134.07
2024-07-05 13:36:52,TSLA,BUY,717,247.77
2024-07-05 13:37:49,TSLA,SELL,247,188.47717706492247
2024-07-05 13:38:03,NVDA,SELL,872,408.39
2024-07-05 13:38:16,GOOG,BUY,903,126.05
2024-07-05 13:38:48,NFLX,SELL,464,440.68
2024-07-05 13:39:11,NVDA,BUY,82,421.55
2024-07-05 13:39:31,MSFT,BUY,170,334.07
2024-07-05 13:40:20,GOOG,SELL,825,127.7
2024-07-05 13:41:11,AAPL,SELL,81,187.45
2024-07-05 13:41:50,NVDA,BUY,690,430.94
2024-07-05 13:42:15,NVDA,SELL,439,436.0
2024-07-05 13:42:55,GOOG,BUY,263,134.49
2024-07-05 13:44:32,NVDA,SELL,77,420.86
2024-07-05 13:45:09,NFLX,BUY,599,438.15
2024-07-05 13:47:05,MSFT,SELL,657,354.58
2024-07-05 13:48:35,NFLX,SELL,732,449.37
2024-07-05 13:50:39,AMZN,BUY,419,128.02
2024-07-05 13:51:50,MSFT,SELL,582,342.28
2024-07-05 13:54:07,MSFT,SELL,444,332.46
2024-07-05 13:55:51,GOOG,BUY,97,129.17
2024-07-05 13:56:26,AAPL,BUY,294,188.82
2024-07-05 13:57:07,NVDA,SELL,540,414.78
2024-07-05 13:57:25,META,BUY,533,293.55
2024-07-05 13:58:30,AAPL,SELL,268,190.26
2024-07-05 13:59:42,NVDA,BUY,75,426.4
2024-07-05 14:00:01,GOOG,BUY,892,132.13
2024-07-05 14:01:43,NFLX,BUY,79,444.97
2024-07-05 14:02:40,NFLX,BUY,768,443.11
2024-07-05 14:03:04,TSLA,BUY,615,246.0
2024-07-05 14:04:13,MSFT,BUY,941,343.45
2024-07-05 14:04:28,TSLA,BUY,548,243.16
2024-07-05 14:04:57,GOOG,SELL,542,130.73
2024-07-05 14:06:27,META,BUY,810,305.56
2024-07-05 14:06:44,NVDA,BUY,835,411.88
2024-07-05 14:07:12,MSFT,BUY,187,335.63
2024-07-05 14:09:39,NVDA,BUY,76,423.12
2024-07-05 14:09:47,AAPL,SELL,807,184.95
2024-07-05 14:10:07,MSFT,BUY,365,339.81
2024-07-05 14:10:33,NVDA,SELL,128,415.98
2024-07-05 14:11:04,META,BUY,805,312.57
2024-07-05 14:13:30,GOOG,SELL,697,129.32
2024-07-05 14:17:36,META,BUY,513,301.19
2024-07-05 14:18:08,NFLX,SELL,881,453.79
2024-07-05 14:19:18,TSLA,SELL,641,249.69
2024-07-05 14:19:51,GOOG,SELL,572,133.86
2024-07-05 14:19:55,AAPL,BUY,165,191.26
2024-07-05 14:20:28,AMZN,BUY,844,133.4
2024-07-05 14:20:40,GOOG,BUY,378,131.61
2024-07-05 14:20:45,AMZN,BUY,329,132.52
2024-07-05 14:20:52,GOOG,SELL,993,132.97
2024-07-05 14:22:47,MSFT,SELL,493,330.13
2024-07-05 14:22:48,NVDA,BUY,431,426.97
2024-07-05 14:23:56,TSLA,BUY,245,250.69
2024-07-05 14:24:39,MSFT,SELL,393,344.34
2024-07-05 14:24:46,GOOG,SELL,383,129.03
2024-07-05 14:25:04,NVDA,BUY,576,430.52
2024-07-05 14:27:18,TSLA,SELL,704,249.08
2024-07-05 14:27:21,GOOG,SELL,513,129.76
2024-07-05 14:27:30,NVDA,SELL,181,427.41
2024-07-05 14:30:03,AMZN,SELL,785,133.07
2024-07-05 14:30:18,GOOG,SELL,311,130.17
2024-07-05 14:30:33,AAPL,BUY,893,187.84
2024-07-05 14:32:33,GOOG,BUY,562,129.38
2024-07-05 14:34:15,NVDA,SELL,396,403.79
2024-07-05 14:35:04,NFLX,BUY,516,442.51
2024-07-05 14:37:01,TSLA,SELL,844,253.05
2024-07-05 14:37:35,META,SELL,674,305.78
2024-07-05 14:39:31,NFLX,BUY,991,446.61
2024-07-05 14:41:07,NVDA,SELL,544,431.01
2024-07-05 14:41:54,AAPL,BUY,210,192.64
2024-07-05 14:42:07,MSFT,BUY,964,347.85
2024-07-05 14:43:45,MSFT,BUY,272,335.94
2024-07-05 14:45:03,NFLX,BUY,265,445.67
2024-07-05 14:46:39,AMZN,SELL,232,134.41
2024-07-05 14:48:47,AMZN,BUY,996,136.04
2024-07-05 14:49:34,GOOG,BUY,765,135.69
2024-07-05 14:50:29,NFLX,SELL,363,446.75
2024-07-05 14:50:43,AAPL,BUY,694,188.49
2024-07-05 14:51:14,TSLA,SELL,188,242.84
2024-07-05 14:51:50,NVDA,BUY,49,420.37
2024-07-05 14:52:14,AMZN,BUY,681,130.83
2024-07-05 14:54:45,AMZN,SELL,31,139.47
2024-07-05 14:55:36,NFLX,BUY,218,448.41
2024-07-05 14:57:22,META,BUY,544,298.2
2024-07-05 14:57:44,AMZN,BUY,436,135.37
2024-07-05 14:57:56,AMZN,BUY,851,136.06
2024-07-05 14:58:53,AAPL,SELL,243,189.07
2024-07-05 14:59:18,NFLX,BUY,531,442.27
2024-07-05 14:59:54,TSLA,BUY,271,253.81
2024-07-05 14:59:59,TSLA,SELL,610,249.55
2024-07-05 15:00:40,META,SELL,824,302.41
2024-07-05 15:01:25,TSLA,BUY,112,254.93
2024-07-05 15:03:07,AMZN,BUY,471,132.88
2024-07-05 15:03:22,META,SELL,532,296.17
2024-07-05 15:04:18,TSLA,BUY,901,249.06
2024-07-05 15:04:54,TSLA,SELL,869,253.43
2024-07-05 15:04:59,MSFT,BUY,825,335.93
2024-07-05 15:06:08,TSLA,SELL,549,245.6
2024-07-05 15:08:05,AMZN,SELL,17,129.3
2024-07-05 15:09:45,AAPL,BUY,348,183.84
2024-07-05 15:11:28,AMZN,SELL,771,136.43
2024-07-05 15:12:01,AAPL,SELL,808,181.18
2024-07-05 15:12:31,AMZN,BUY,528,135.24
2024-07-05 15:13:53,AMZN,SELL,977,132.72
2024-07-05 15:15:19,NVDA,BUY,263,419.89
2024-07-05 15:16:11,GOOG,SELL,221,129.77
2024-07-05 15:18:46,AAPL,BUY,999,197.72
2024-07-05 15:18:48,GOOG,SELL,679,130.91
2024-07-05 15:19:24,NVDA,BUY,605,431.23
2024-07-05 15:20:07,NVDA,SELL,27,429.48
2024-07-05 15:20:18,NVDA,BUY,207,422.82
2024-07-05 15:22:47,MSFT,SELL,902,337.47
2024-07-05 15:23:39,MSFT,BUY,715,351.71
2024-07-05 15:24:03,MSFT,BUY,240,340.03
2024-07-05 15:25:25,AMZN,BUY,574,139.28
2024-07-05 15:27:21,TSLA,BUY,19,257.47
2024-07-05 15:27:24,NFLX,BUY,132,441.47
2024-07-05 15:27:36,META,BUY,621,316.37
2024-07-05 15:28:06,MSFT,SELL,36,341.13
2024-07-05 15:30:50,AMZN,BUY,220,132.31
2024-07-05 15:31:16,AMZN,SELL,990,130.67
2024-07-05 15:32:10,MSFT,SELL,942,335.73
2024-07-05 15:33:03,GOOG,SELL,38,130.48
2024-07-05 15:33:46,GOOG,BUY,799,131.93
2024-07-05 15:34:17,AAPL,SELL,41,188.17
2024-07-05 15:34:34,TSLA,SELL,437,244.54
2024-07-05 15:34:41,NVDA,SELL,785,424.25
2024-07-05 15:35:21,AAPL,SELL,58,192.9
2024-07-05 15:37:03,NFLX,BUY,168,454.36
2024-07-05 15:37:08,META,BUY,420,307.74
2024-07-05 15:37:23,NFLX,SELL,566,451.85
2024-07-05 15:38:11,MSFT,BUY,786,334.3
